1708 2774
0 1001 127 1035 ’,ιο

87 1311 123 1346 15

81 1629 124 1653 20

81 1914 120 1948 25

437 289 486 317 DI
514 289 780 318 COLucc10
809 289 1083 319 SALUTATI.
1318 291 1356 325 19

156 413 241 448 tibus
273 424 369 460 atque
405 415 539 460 vegetis,
567 415 658 460 quod
691 415 879 460 ptacibiliter
912 415 1071 461 loquatur,
1101 415 1190 461 quod
1221 424 1358 450 venuste
1386 419 1603 472 ffiffifflffigg

156 482 335 514 moveatur,
355 472 443 518 quod
467 473 559 508 saltet
581 474 722 519 egregie,
745 474 834 519 quod
858 475 938 508 sciat
962 474 1176 509 condecenter
1196 475 1359 509 innectere

155 530 293 572 brachia,
312 531 400 576 quod
419 531 574 566 alternare
593 544 708 574 nexus,
722 532 820 578 quod,
841 532 906 567 dux
917 533 1045 574 choree,
1061 532 1150 567 mille
1173 532 1280 567 modis
1300 543 1359 566 no-

155 590 238 624 verit
271 590 392 624 variare
417 601 557 635 gressus,
585 591 672 625 mille
703 591 782 625 sciat
809 590 952 626 deflexus
980 600 1128 626 astruere.
1175 591 1233 626 sed
1269 601 1359 626 ames

156 659 229 682 eam
252 648 326 693 quia
352 648 415 682 Dei
442 648 552 694 imago
575 658 634 690 est,
661 650 736 694 quia
759 650 822 684 Dei
852 649 1008 691 docibilis,
1028 651 1102 695 quia
1126 661 1227 695 capax
1252 649 1360 684 futura
1387 654 1602 709 fflssjffingbf

154 707 206 748 sit,
224 707 252 742 si
271 705 407 741 adfuerit
419 707 482 742 Dei
497 707 610 752 gratia,
626 707 710 742 illius
729 708 841 752 glorie,
862 708 902 742 ad
921 720 1020 753 quam
1035 710 1102 743 nati
1121 721 1244 743 sumus·
1291 709 1360 743 noli

155 773 188 800 et
204 771 346 806 tunmn‘
362 761 500 800 horseste
519 777 618 807 amas,
643 766 818 800 carnalium
831 776 1012 800 amatorum
1028 778 1200 812 personam
1219 779 1358 802 sumere.
1414 769 1432 790 Ε
1445 774 1553 791 ”mm
1566 770 1602 790 ‘³¹

154 823 336 868 turpissima
358 835 408 858 res
432 833 481 858 est
504 824 672 869 hypocrita
695 835 766 859 esse
772 837 783 866 ;
807 824 885 859 tales
909 835 984 860 sunt
1387 803 1427 818 m
1440 797 1522 822 “dm

386 909 444 942 Qui
459 908 561 937 Curios
579 909 711 937 simulant
725 915 752 937 et
770 909 948 937 bacchanalia
963 910 1060 938 vivunt
1074 910 1118 938 (¹).

153 994 379 1040 prestigiosum
404 1004 512 1028 autem
537 994 716 1039 hypocrisis
747 1006 852 1039 genus
881 1003 929 1028 est
953 1003 985 1028 et
1007 994 1095 1039 quod
1119 994 1265 1030 auditum
1290 1006 1357 1029 non
1386 1001 1509 1050 33:⁰1¹&
1518 1002 1601 1050 «διὲξ

153 1052 205 1094 sit,
226 1063 301 1086 cum
325 1052 461 1087 honeste
484 1053 616 1094 sentias,
630 1052 803 1087 inhoneste
822 1061 854 1087 te
877 1064 1004 1098 gerere:
1029 1062 1118 1087 actus
1141 1053 1241 1087 nostri
1265 1054 1357 1098 signa
1385 1056 1428 1084 ⁸⁸¹⁵
1528 1055 1600 1082 nm,

153 1111 272 1145 mentis
295 1121 391 1152 sunt;
406 1111 462 1156 qui
485 1110 561 1145 foris
585 1110 720 1145 honeste
739 1111 865 1152 vivunt,
884 1111 940 1145 vix
956 1111 1030 1145 satis
1054 1110 1227 1146 creduntur
1245 1111 1356 1146 intrin-

153 1180 246 1204 secus
263 1169 467 1215 respondere.
513 1169 609 1204 nimis
628 1169 717 1204 enim
732 1169 886 1204 omnibus
903 1170 937 1204 in
957 1179 1109 1214 promptu
1128 1179 1190 1204 est:

402 1252 494 1281 Fronti
509 1252 584 1280 nulla
601 1252 682 1280 fida:
701 1253 761 1290 qui:
780 1253 854 1281 enim
870 1261 925 1280 non
940 1254 1015 1280 vicus
1035 1253 1156 1280 abundat

403 1301 539 1329 Tristibus
556 1302 698 1330 obscenis?
708 1301 743 1329 (ι)

152 1395 252 1418 unam
275 1383 415 1430 legimus
445 1383 615 1420 Claudiam
644 1384 833 1430 procacibus
863 1385 1006 1420 moribus
1037 1384 1137 1420 fidem
1165 1385 1356 1430 integritatis

152 1441 339 1477 abscondite
362 1444 417 1477 vix
440 1442 552 1477 divino
576 1442 688 1477 fecisse
709 1444 899 1478 testimonio
910 1443 956 1477 (⁵).
1002 1453 1037 1478 tu
1057 1453 1165 1478 autem
1190 1445 1236 1478 sic
1255 1455 1356 1485 amas,

151 1510 198 1542 ut,
214 1512 291 1535 cum
314 1499 487 1535 honestum
513 1512 659 1535 amorem
681 1510 713 1535 te
737 1502 923 1547 concepisse
949 1502 1048 1537 iactes
1071 1513 1103 1536 et
1127 1502 1257 1543 clames,
1277 1502 1355 1536 nulli

151 1558 208 1593 tibi
227 1558 371 1594 credant:
394 1558 463 1600 sed,
481 1560 566 1594 sicut
584 1559 674 1594 vides
693 1569 727 1594 et
749 1559 866 1601 fateris,
892 1570 1004 1595 contra
1027 1571 1059 1595 te
1082 1560 1210 1605 publica
1235 1560 1356 1594 laboret

151 1615 254 1659 famu
277 1616 377 1662 longe
400 1617 461 1651 alia
484 1618 524 1651 sit
547 1617 587 1651 de
610 1626 642 1652 te
665 1627 857 1652 cunctorum
881 1618 1003 1663 opinio.
1050 1620 1122 1663 quis
1146 1617 1186 1653 de
1210 1628 1242 1652 te
1266 1618 1356 1652 aliter
1383 1623 1596 1678 affiffigossss

152 1675 318 1720 cogitaret,
337 1687 413 1709 cum
440 1674 557 1710 viderit
580 1685 611 1710 te
638 1686 844 1721 precatorum
864 1688 966 1717 more,
986 1688 1074 1711 nunc
1094 1676 1243 1718 interdiu,
1268 1688 1355 1711 nunc
1383 1682 1498 1710 Qum·
1521 1684 1596 1698 Μ’·-

1383 1710 1451 1725 arena
1471 1712 1483 1725 ι
1503 1704 1555 1725 tou·
1575 1711 1597 1725 e·

151 1742 346 1768 nocturnum
373 1745 448 1768 cum
471 1733 643 1774 funalibus,
663 1733 812 1776 domum,
831 1734 887 1768 ubi
910 1734 962 1768 illa
986 1733 1090 1775 fuerit,
1115 1735 1289 1780 irrumpere
1313 1735 1354 1768 si·
1382 1736 1461 1757 m...

151 1791 247 1838 bique
255 1793 441 1837 proximum
456 1791 627 1826 inherere?
671 1791 813 1827 videndo
825 1802 868 1832 te,
884 1794 911 1827 si
924 1792 1113 1834 excludaris,
1132 1802 1167 1827 ut
1182 1792 1355 1838 aliquando

151 1849 207 1884 tibi
244 1850 418 1895 contigisse
446 1851 562 1891 sentio,
589 1851 735 1886 convicia
761 1850 865 1886 facere
891 1852 994 1886 ianuis
1025 1863 1094 1886 sere
1125 1862 1220 1897 atque
1247 1862 1355 1886 custo-

151 1907 259 1950 dibus3
275 1918 307 1943 et
322 1907 455 1943 demum
473 1909 536 1943 tuis
555 1910 687 1945 canticis
702 1917 797 1955 atque
816 1909 954 1954 rythmis
968 1921 1084 1945 cuncta
1107 1910 1270 1945 devovere
1290 1911 1357 1945 bla-

150 1965 304 2012 sphemiis
323 1975 419 2012 atque
434 1966 510 2002 diris
523 1966 581 2001 ΡΘ)
630 1978 698 2002 non
721 1977 798 2003 sunt
819 1969 879 2003 ista
906 1968 975 2003 sani
998 1970 1149 2011 amantis,
1172 1969 1229 2004 sed
1247 1970 1355 2014 potius

206 2076 229 2100 7.
243 2070 303 2094 δοά-
317 2073 406 2094 oneue
419 2070 515 2094 henne
567 2070 805 2100 cod-We.-
819 2071 943 2101 {neopum
955 2072 1358 2102 qednaetn-arei-essanmm

157 2117 249 2136 mm
270 2111 310 2134 nel
327 2113 395 2134 new.
465 2117 504 2140 ι4.
518 2110 597 2142 vien]
611 2111 668 2135 cod.
682 2111 745 2135 intus
822 2118 859 2134 ιι.
874 2111 932 2136 eod.
946 2112 1069 2136 hrudim
1136 2118 1173 2142 ²5·
1188 2111 1248 2136 cod.
1260 2111 1358 2135 tithimb

187 2204 232 2240 (ι)
250 2204 313 2232 Iuv.
333 2204 387 2232 Sat.
403 2203 437 2238 11.
454 2212 477 2239 3.
777 2204 866 2241 quella
883 2213 932 2232 sun
947 2213 1068 2232 cantone
1083 2212 1183 2232 ancon
1199 2205 1297 2232 inedita
1312 2203 1358 2231 nel

186 2246 229 2282 (ι)
248 2245 312 2274 luv-
331 2246 384 2274 Sat
403 2245 436 2279 11.
454 2246 518 2282 8·9.
777 2247 838 2274 cod.
848 2246 1058 2282 Riccard.1154‚
1072 2255 1113 2275 cc.
1129 2245 1318 2279 1062-1081«,
1330 2245 1358 2273 la

189 2289 231 2324 (3)
242 2287 287 2316 Cf.
306 2288 372 2316 Τιτ.
398 2288 461 2317 Lw.
485 2289 553 2317 ΗΜ.
580 2287 683 2322 ΧΧΙΧ,
700 2296 732 2322 4;
777 2289 859 2326 quale
888 2297 940 2316 con
958 2289 1060 2325 grande
1083 2288 1193 2324 sfoggio
1215 2287 1359 2324 d'esempli

154 2330 244 2359 Om.
268 2331 336 2359 Fusa.
357 2330 405 2364 lv,
432 2338 480 2367 305
504 2339 581 2367 agga
601 2330 731 2359 Sue-rou.
778 2331 934 2367 mitologici
955 2339 970 2359 e
989 2331 1081 2359 norici
1108 2331 1219 2358 intende
1242 2338 1359 2367 provere

153 2371 236 2400 Tib.
254 2371 461 2401 Caes.11&c.
776 2381 830 2400 una
850 2373 926 2401 volta
944 2374 972 2400 di
987 2374 1032 2409 piu
1048 2373 1075 2400 di
1087 2373 1181 2409 quanti
1194 2372 1281 2400 delini
1300 2381 1316 2400 e
1331 2372 1360 2400 di

187 2414 232 2451 (4)
250 2413 288 2442 Di
314 2420 409 2451 queste
433 2424 449 2440 ι
469 2414 605 2451 disper-ate
625 2425 640 2441 ι
658 2414 732 2443 dello
777 2422 877 2452 quante
900 2417 1024 2451 sciagure
1050 2417 1092 2443 sia
1120 2415 1237 2452 agione
1259 2420 1301 2443 tra
1320 2414 1359 2452 gli

152 2457 324 2486 Zmbeeari
352 2458 376 2486 ci
394 2457 499 2487 rimane
526 2466 563 2486 nn
587 2459 685 2495 saggio
703 2458 732 2486 in
778 2457 880 2485 nomini
895 2457 1009 2485 Amore.
