1696 2782
120 422 162 436 non
177 415 210 442 gu
227 415 247 434 di
265 413 332 441 quella

121 442 208 470 perfetta
227 441 265 472 che
286 440 332 460 solo

120 476 149 489 uu
164 474 226 489 uomo
241 472 332 488 virtuoso

122 495 218 523 potrebbe
237 494 332 520 offiirgli.

120 542 132 555 e
146 541 221 562 neppur
233 534 252 554 di
267 533 334 560 quella

122 562 205 588 volgare
211 561 294 580 fondnn
301 559 333 579 sul

122 589 227 615 reciproco
250 591 334 613 vaning-

123 616 168 642 δίο,

125 714 158 727 mn
180 707 200 727 di
239 705 292 726 uena
314 705 334 724 di

125 740 202 757 mezzo,
219 713 259 752 'illu
275 731 335 758 quale

124 761 157 781 chi
163 760 246 780 ammira
255 758 274 778 la
280 758 334 778 virtu

125 787 149 807 ed
167 787 175 806 i
192 786 277 807 virtuosi
293 785 334 812 puo

125 814 218 840 aspirare.

361 922 518 968 prestabo.

151 1101 165 1120 S
179 1107 212 1120 ern
238 1099 258 1119 d'
269 1105 337 1119 essere

126 1128 151 1148 dn
163 1108 192 1147 liii
207 1125 335 1147 ricamblno.

153 1314 186 1333 Ha
192 1313 226 1340 poi
232 1313 280 1333 dato
291 1318 341 1344 ope-

127 1347 149 1360 ra
164 1341 202 1360 che
216 1339 230 1359 il
258 1338 338 1359 ubblico

128 1367 240 1387 chiam-use
268 1365 339 1386 fluuele

128 1394 153 1413 nd
164 1394 260 1420 insegna-
269 1392 284 1412 ll
294 1398 339 1419 gre-

128 1426 153 1440 co
167 1426 179 1440 a
189 1420 281 1440 Firenze.

367 285 425 307 122
781 272 1126 304 EPISTOLARIO

359 414 546 450 germanam
575 401 764 439 amiciciam,
798 410 860 443 que
888 408 955 430 non
988 396 1087 440 possit
1118 394 1178 428 nisi
1208 404 1365 427 concursu
1398 393 1553 426 virtutum

360 462 507 497 omnium
524 469 554 493 et
574 472 591 492 a
611 459 751 502 sapiente
772 457 841 490 viro
858 455 1009 499 bonoque
1025 453 1166 498 prestari,
1186 463 1246 485 nec
1261 451 1358 484 etiam
1377 450 1464 484 illam
1486 450 1555 483 vul-

360 531 478 564 garem,
503 530 564 562 que
584 517 690 549 solum
713 514 855 548 utilitatis
872 513 971 557 gratia
991 511 1188 545 contrahitur
1211 519 1243 543 et
1261 509 1365 553 magis
1385 517 1431 542 est
1447 509 1479 541 in
1499 519 1555 541 ore

360 589 457 622 quam
470 575 575 615 corde,
595 585 699 618 queve
716 584 782 606 non
803 579 968 615 computat
990 578 1146 614 quantum
1164 568 1264 612 possit
1287 565 1483 611 impendere,
1498 565 1556 599 sed

361 636 458 678 longe
482 633 584 676 magis
608 631 684 675 quid
703 631 871 664 consuevit
891 627 1010 668 afferre,
1034 638 1196 672 quamque
1215 627 1330 659 rectius
1349 623 1556 669 appellaveris

361 691 491 726 vivendi
516 690 743 724 commertium
759 699 856 732 quam
877 686 1054 719 amiciciam
1075 685 1191 718 dixeris
1199 697 1208 725 3
1229 683 1285 717 sed
1301 683 1386 716 illam
1404 681 1556 722 mediam,

362 761 458 794 quam
478 747 629 782 exhibere
655 755 759 791 potest
779 757 846 779 non
873 745 980 778 solum
1005 744 1165 776 virtuosus
1189 751 1220 775 et
1246 741 1372 785 sapiens
1392 749 1487 784 atque
1509 740 1559 772 vir

362 808 476 848 bonus,
500 806 556 840 sed
576 807 627 839 cui
645 805 802 848 contingit
815 813 846 837 et
865 803 945 836 solet
966 803 1125 835 virtuosos
1143 811 1260 840 amare,
1276 800 1383 833 mirari
1401 799 1558 843 sapientes

363 876 394 899 et
418 865 521 899 colere
536 865 619 897 viros
636 863 748 896 bonos
796 862 878 894 hanc
897 860 990 905 plane
1003 859 1115 900 offero,
1133 859 1217 892 hanc
1231 857 1396 903 polliceor,
1412 857 1558 901 hancque

566 932 618 955 tue
643 930 751 954 autem
772 919 1015 953 existimationis
1035 918 1094 951 erit
1121 917 1233 961 quanti
1256 916 1352 960 precii
1372 915 1467 949 facias
1496 914 1559 948 hoc

363 979 591 1015 munusculum
604 978 752 1012 iudicare.
801 989 859 1011 nec
873 977 994 1020 cogites
1007 975 1095 1020 quod
1108 974 1338 1008 beneficiorum
1351 973 1433 1007 solet
1442 972 1559 1006 habere

364 1040 516 1079 doctrina,
541 1050 593 1071 me
613 1036 711 1070 nichil
727 1048 766 1070 ex
786 1035 847 1069 hoc
868 1047 885 1068 a
904 1045 946 1075 te,
966 1035 991 1067 si
1012 1033 1239 1067 condicionem
1259 1032 1428 1076 acceperis,
1444 1042 1560 1075 expec-

363 1107 438 1132 tare.
487 1105 621 1140 expecto
645 1094 776 1139 quidem
799 1093 886 1138 quod
910 1102 941 1127 et
960 1103 994 1127 tu
1014 1094 1118 1125 vicem
1134 1091 1257 1131 reddas,
1270 1101 1427 1135 speroque
1445 1098 1478 1123 te
1497 1089 1560 1129 vel,

364 1166 405 1188 ne
422 1153 553 1187 blandiri
572 1165 625 1186 me
646 1152 763 1192 credas,
788 1160 907 1195 exopto
931 1150 1028 1194 longe
1047 1149 1241 1193 perfectioris
1261 1148 1404 1181 amicicie
1426 1158 1561 1182 munere

364 1212 566 1257 respondere,
586 1211 736 1256 quodque
754 1210 943 1243 certabimus
961 1209 1101 1242 invicem
1113 1207 1310 1241 emulatione
1321 1204 1560 1246 iocundissima,

366 1280 402 1304 ut
420 1272 452 1303 in
469 1271 530 1303 hoc
550 1282 631 1303 unus
652 1269 787 1302 alterum
805 1278 1004 1311 superemus.

432 1329 529 1362 Nunc
545 1337 653 1361 autem
678 1327 757 1360 scito
779 1337 831 1359 me
854 1325 910 1358 tibi
934 1324 1022 1369 quod
1042 1325 1074 1357 in
1094 1324 1154 1357 hac
1173 1322 1250 1357 urbe
1268 1323 1357 1367 regia
1371 1331 1481 1367 grecas
1503 1319 1562 1354 do-

367 1398 437 1420 ceas
456 1386 571 1420 litteras
587 1385 700 1418 salario
716 1384 843 1429 publico
859 1394 1044 1427 procurasse
1057 1383 1111 1422 (¹);
1132 1393 1191 1415 nec
1214 1380 1345 1426 pigebit,
1369 1389 1404 1414 ut
1419 1378 1562 1418 arbitror,

421 1497 442 1518 6.
459 1496 495 1518 Me
510 1495 571 1524 quod
641 1501 675 1523 ¹5.
691 1495 729 1517 Me
742 1499 878 1523 quamquam

403 1597 445 1631 (1)
466 1596 518 1623 Gia
534 1594 714 1630 nell’epistola
728 1594 754 1621 al
770 1594 899 1626 Cidonio,
914 1594 941 1620 in

367 1638 455 1665 forma
481 1647 536 1664 non
565 1646 647 1664 meno
673 1636 785 1663 risoluta
807 1636 834 1662 di
852 1635 942 1671 quella

369 1680 415 1715 qui
441 1679 593 1715 adoperata,
621 1679 640 1705 il
669 1679 697 1706 S.
725 1687 811 1705 aveva
835 1678 941 1705 scritto:

370 1733 384 1747 «
397 1722 460 1749 Post
479 1722 528 1749 hec
546 1721 599 1749 feci
617 1722 688 1757 quod
713 1728 805 1748 noster
833 1721 942 1747 Manuel

370 1774 383 1788 «
398 1764 441 1790 hic
451 1764 646 1790 honorabiliter
655 1769 694 1790 est
705 1763 837 1790 electus».
869 1762 942 1794 Qual

370 1807 436 1832 mira
464 1814 589 1832 avessero
618 1811 718 1832 coteste
750 1805 944 1831 dichiarazioni

371 1849 428 1874 cosi
447 1847 568 1883 esplicite
588 1856 603 1873 e
622 1847 706 1874 recise
726 1847 764 1873 mi
791 1855 838 1882 par
864 1846 943 1872 facile

371 1891 473 1926 capire;
483 1891 615 1918 Coluccio
623 1892 717 1918 voleva
727 1891 943 1918 evidentemente

370 1933 411 1960 far
441 1934 634 1968 comprendere
665 1935 722 1960 cosi
753 1933 778 1960 al
806 1933 943 1960 Crisolora

372 1984 450 2002 come
467 1984 482 2002 a
494 1975 587 2003 coloro
604 1976 654 2003 che
669 1975 873 2002 l’attorniavano
893 1976 943 2002 che

371 2016 398 2043 la
417 2017 442 2043 di
462 2017 499 2044 lui
519 2017 654 2045 chiamata
671 2027 687 2045 a
706 2018 816 2045 Firenze
830 2027 875 2044 era
895 2023 944 2050 tut-

370 2059 390 2086 t’
399 2068 480 2094 opera
514 2068 569 2087 sua.
615 2054 636 2087 E
661 2067 815 2096 opportuno
852 2061 945 2096 quindi

370 2101 493 2128 insistere
518 2110 570 2128 con
598 2102 714 2137 qualche
742 2102 882 2138 larghezza
913 2111 944 2128 su

372 2149 467 2178 questo
487 2149 578 2178 punto,
597 2145 697 2180 perche
716 2144 752 2171 fin
772 2145 807 2171 da
826 2146 911 2180 tempi
929 2153 945 2171 a

372 2185 455 2220 quelli
472 2185 515 2212 del
535 2186 562 2214 S.
582 2187 738 2214 vicinissimi
754 2189 769 2214 ὲ
785 2187 945 2214 cominciata

372 2236 424 2253 una
432 2236 496 2262 gara
503 2234 659 2255 veramente
666 2230 770 2256 curiosa
778 2238 826 2265 per
831 2230 945 2264 togliere

372 2277 387 2294 a
407 2268 537 2296 Coluccio
552 2270 570 2296 il
583 2271 681 2297 merito
697 2271 834 2306 singulare
847 2272 872 2298 d’
882 2280 946 2299 aver

371 2318 516 2346 procurato
545 2313 587 2339 all'
597 2313 673 2340 Italia
701 2314 719 2340 il
747 2314 848 2341 ritorno
876 2315 945 2342 delle

372 2361 448 2379 muse
467 2354 566 2389 greche
585 2355 742 2382 sbanditene
762 2356 794 2382 da
810 2356 892 2383 secoli
912 2357 945 2383 ed

371 2395 517 2422 attribuirlo
536 2405 584 2423 ora
599 2397 824 2425 esclusivamente
838 2407 854 2424 a
869 2398 944 2434 qual-

372 2437 413 2463 ch'
424 2437 489 2464 altro
501 2445 540 2465 tra
555 2439 564 2465 i
582 2441 642 2466 suoi
658 2441 790 2473 coetanei,
803 2449 851 2467 ora
867 2449 883 2467 a
898 2450 944 2476 pa-

988 1592 1079 1619 recchi
1094 1598 1135 1618 tra
1150 1591 1211 1618 essi.
1249 1591 1368 1623 Quando
1382 1589 1469 1617 infatti
1479 1589 1500 1616 il
1511 1589 1564 1617 LE·

988 1643 1095 1668 GRAND,
1107 1642 1151 1669 op.
1168 1634 1211 1660 cit.
1225 1642 1250 1669 p.
1264 1641 1333 1666 xxix,
1347 1633 1481 1660 toccando
1493 1631 1564 1660 della

988 1677 1150 1704 risoluzione
1166 1685 1244 1712 presa
1263 1675 1308 1703 dal
1324 1675 1463 1702 Crisolora
1477 1674 1506 1702 di
1522 1682 1565 1702 re-

989 1720 1057 1746 carsi
1074 1728 1089 1745 a
1104 1719 1223 1750 Firenze,
1235 1719 1334 1745 scrive:
1348 1727 1363 1743 α
1376 1717 1522 1744 l'honneur
1531 1717 1565 1743 de

989 1771 1003 1785 α
1017 1760 1114 1787 l’avoir
1133 1760 1226 1787 decide
1245 1761 1261 1786 a
1280 1763 1406 1794 acceptet
1427 1756 1566 1793 l’erigage-

989 1812 1003 1827 «
1018 1808 1093 1829 ment
1108 1801 1207 1837 stipule
1215 1801 1283 1828 dans
1292 1801 1319 1828 la
1331 1801 1407 1828 lettre
1420 1800 1566 1832 ci-deoeus,

990 1854 1003 1869 ε(
1017 1845 1120 1871 revient
1131 1849 1190 1870 tout
1202 1843 1449 1879 particulierement
1461 1843 1477 1869 ὴ
1489 1841 1566 1869 Salu-

990 1897 1004 1911 «
1018 1886 1074 1919 tati,
1094 1887 1108 1912 a
1120 1886 1235 1921 Jacques
1253 1884 1412 1921 d'Angiolo,
1431 1885 1448 1911 a
1462 1884 1566 1912 Robert

990 1939 1004 1954 κ
1018 1929 1108 1962 Rossi,
1127 1930 1143 1955 a
1162 1929 1287 1956 Niccolas
1305 1927 1420 1961 Niccoli‚
1440 1929 1457 1954 a
1475 1926 1566 1954 Panas

990 1982 1004 1997 ε(
1020 1973 1131 2004 Strozzi,
1151 1978 1178 1999 et
1197 1973 1212 1998 a
1231 1971 1349 1998 Antoine
1369 1969 1522 1998 Corbinelli
1534 1979 1566 2003 ¹3

990 2014 1043 2049 egli
1053 2022 1107 2040 non
1118 2013 1144 2040 fa
1155 2013 1206 2040 che
1216 2013 1377 2039 riassumere
1387 2012 1415 2038 in
1425 2011 1515 2047 poche
1522 2019 1568 2046 pa·

989 2057 1044 2084 role
1050 2066 1103 2084 una
1110 2058 1177 2084 serie
1185 2055 1403 2087 d’affermazioni,
1409 2054 1435 2082 le
1442 2054 1515 2091 quali
1521 2053 1567 2081 dal

989 2100 1083 2127 secolo
1096 2107 1134 2127 xv
1150 2100 1177 2126 in
1197 2099 1243 2135 poi
1259 2100 1280 2126 si
1300 2106 1370 2125 sono
1383 2098 1480 2124 audate
1499 2097 1567 2133 ripe-

989 2145 1072 2171 tendo
1085 2152 1100 2170 e
1112 2143 1157 2170 nel
1167 2143 1227 2170 loro
1236 2143 1385 2170 incessante
1394 2142 1567 2176 trasmigrare

990 2185 1015 2212 di
1030 2185 1098 2212 libro
1111 2186 1138 2212 in
1153 2184 1222 2212 libro
1237 2185 1331 2212 hanno
1346 2188 1458 2211 assunto
1467 2183 1567 2218 un’ap-

990 2236 1104 2263 parenza
1122 2227 1149 2254 di
1168 2227 1286 2260 solidita,
1301 2226 1328 2253 la
1346 2225 1435 2262 quale,
1452 2225 1495 2252 chi
1514 2225 1567 2252 ben

990 2279 1024 2297 ne
1040 2270 1183 2298 ricerchile
1191 2270 1327 2306 origini,si
1344 2269 1475 2296 dimum-a
1492 2274 1566 2295 tosto

988 2312 1094 2340 fallace.
1129 2314 1180 2340 Per
1189 2313 1356 2340 cominciare
1364 2311 1438 2339 dallo
1449 2311 1564 2343 strom.

990 2355 1086 2382 scrisse
1102 2356 1147 2390 gia
1162 2355 1190 2382 di
1205 2354 1244 2382 lui
1257 2355 1276 2382 il
1290 2355 1363 2381 buon
1372 2354 1469 2381 librnio
1479 2353 1513 2380 da
1523 2352 1568 2382 Bi-

989 2397 1073 2430 sticci‚
1081 2406 1148 2432 gran
1158 2397 1337 2433 raccoglitore
1345 2395 1508 2428 d'aneddoti,
1514 2394 1567 2422 che

990 2442 1107 2468 convien
1130 2441 1274 2476 precsoche
1299 2449 1407 2476 sempre
1432 2443 1566 2467 accettare

1589 924 1630 948 10

1591 1213 1629 1246 15
