1682 2762
332 240 396 282 536
758 240 1104 271 EPISTOLARIO

327 371 514 406 excellentie
539 381 593 404 tue
617 381 654 403 ac
678 368 910 414 magnitudinis
933 367 1034 409 obliti,
1058 376 1167 401 tecum
1190 366 1223 400 in
1254 364 1396 399 maxima
1418 362 1536 397 securi·

328 439 392 465 tate
409 431 580 475 loquantur
589 429 635 462 (¹).
676 440 742 473 quo
759 428 850 462 fateri
868 435 997 472 oportet
1012 435 1043 459 te
1061 425 1173 459 nonin
1185 424 1308 458 maiore
1325 422 1489 468 dignitatis
1505 431 1537 456 et

328 499 428 524 status
452 489 523 523 luce
547 488 677 528 versari,
697 498 796 532 quam
812 486 937 520 virtutis
953 494 1048 530 atque
1065 483 1221 523 doctrine,
1240 494 1303 527 que
1319 481 1385 516 duo
1404 481 1538 515 unicum

328 547 406 582 illud
430 546 638 581 humanitatis
668 545 865 580 vocabulum
894 552 1100 589 representat.
1147 553 1225 576 nam
1252 552 1320 575 non
1352 539 1459 574 solum
1486 538 1539 573 illa

329 607 439 646 virtus,
464 617 527 650 que
551 606 651 639 etiam
671 604 854 649 benignitas
878 602 940 636 dici
968 601 1060 643 solet,
1086 601 1149 634 hoc
1172 599 1307 634 nomine
1329 597 1538 643 significatur,

329 664 385 698 sed
409 665 509 698 etiam
532 663 641 708 peritia
667 672 699 696 et
723 662 880 696 doctrina:
905 660 976 706 plus
1001 660 1097 705 igitur
1120 657 1329 693 humanitatis
1349 657 1540 702 importatur

331 722 429 757 verbo
449 734 547 768 quam
568 722 785 756 communiter
797 721 965 765 cogitetur.
1008 719 1122 764 optimi
1135 717 1266 763 quidem
1279 725 1458 758 auctorum,
1471 724 1539 749 tam

332 782 448 816 Cicero
472 792 570 826 quam
596 780 646 814 alii
675 780 790 825 plureS‚
816 779 878 813 hoc
906 777 1066 812 vocabulo
1094 788 1152 822 pro
1181 775 1326 810 doctrina
1361 773 1540 818 moralique

331 840 462 875 scientia
487 840 535 874 usi
559 848 650 880 sunt;
674 850 734 872 nec
758 838 887 872 mirum.
934 845 1038 881 preter
1061 835 1230 869 hominem
1253 833 1386 879 quidem
1414 831 1541 866 nullum

333 898 453 933 animal
477 897 683 932 doctrinabile
706 897 870 942 reperitur.
918 905 962 937 ut,
989 905 1064 929 cum
1087 893 1213 927 homini
1237 892 1402 938 proprium
1418 891 1460 925 sit
1483 889 1541 924 do-

334 958 397 992 ceri
421 967 453 991 et
476 957 563 991 docti
586 956 658 1001 plus
682 956 824 990 hominis
849 954 988 989 habeant
1018 964 1116 999 quam
1144 951 1279 993 indocti,
1302 949 1542 985 convenientis-

334 1017 415 1051 sime
438 1016 529 1061 prisci
550 1027 606 1060 per
629 1015 866 1049 humanitatem
890 1012 1143 1058 significaverint
1161 1019 1193 1045 et
1216 1009 1407 1044 doctrinam.

402 1075 474 1109 Hec
497 1074 595 1119 igitur
620 1073 804 1107 humanitas
827 1082 894 1114 tua,
916 1083 980 1117 que
1003 1070 1154 1105 vocabuli
1177 1067 1451 1114 significationem
1481 1067 1542 1101 im·

335 1133 411 1179 plet,
435 1145 504 1167 non
533 1132 680 1174 deterret,
704 1131 760 1166 sed
791 1132 907 1166 invitat
930 1140 965 1165 ut
995 1129 1142 1164 scribam.
1189 1128 1279 1173 cogit
1306 1137 1414 1161 autem
1442 1125 1544 1160 virtus

336 1193 415 1233 eius,
439 1203 497 1236 pro
517 1203 582 1236 quo
602 1201 711 1225 tecum
732 1190 827 1224 huius
850 1190 952 1234 prime
971 1188 1153 1234 scriptionis
1169 1186 1315 1221 officium
1332 1185 1468 1225 institui,
1486 1195 1544 1229 spe

120 429 152 450 Or
172 434 245 457 questa
267 428 300 449 be-

85 457 172 489 nignita,
192 463 231 488 oye
260 455 300 476 nll-

85 490 171 538 ξῗέῗέζέ,
186 489 301 536 εὲἶωῖἳὲἶ

86 543 152 565 punto
177 537 191 557 l'
202 545 212 556 ιι
221 538 300 557 ammi-

89 565 155 590 nith,

87 717 218 739 secondoehe
233 716 253 736 ln
267 716 302 736 de-

87 746 178 766 fiuirono
199 743 302 764 Cicerone

87 779 98 792 e
108 771 199 799 parecchi
210 771 257 791 altri
267 777 302 790 nn-

88 799 137 819 tiehi
149 798 248 819 scrittori.

119 1068 145 1089 Se
160 1068 242 1095 dunque
252 1067 306 1087 dau·

91 1100 183 1116 certezzn
198 1095 217 1114 di
230 1094 308 1115 ricever

92 1129 166 1142 umme
175 1129 226 1143 neco
242 1121 307 1141 lienze

92 1150 103 1169 ὸ
127 1150 270 1177 incoraggnto
296 1154 308 1168 ι

92 1177 189 1201 scrivere,
205 1183 217 1196 ι
230 1175 261 1195 far
274 1175 308 1195 cio

93 1210 148 1251 {prim
153 1203 175 1250 :ici
180 1203 263 1251 εοῗῗιῗίιιι
271 1202 308 1256 pri:

94 1257 125 1278 del
145 1257 205 1285 quale
219 1264 232 1277 a
245 1256 308 1277 Cario

94 1284 111 1305 si
127 1284 200 1312 dirige.

391 1311 416 1332 4.
432 1302 466 1326 N:
480 1307 634 1333 representem
687 1302 739 1331 6-7.
753 1301 788 1326 N¹
803 1302 874 1325 verbo
888 1302 943 1331 imp.

338 1408 528 1435 malcontento
546 1407 571 1434 di
603 1407 696 1443 quello
722 1407 772 1434 che
800 1406 919 1442 copriva.

339 1451 398 1478 Ora
418 1451 452 1478 da
467 1457 571 1486 quanto
590 1450 637 1477 noi
657 1450 833 1478 conosciamo
849 1448 920 1476 delle

338 1493 453 1521 vicende
463 1493 674 1527 delARavennate
683 1493 728 1520 dal
739 1501 806 1529 1397
813 1492 840 1519 al
853 1491 920 1526 1406

339 1538 427 1564 siamo
446 1537 473 1563 in
494 1536 586 1563 diritto
613 1535 641 1562 di
659 1535 774 1563 dedurre
794 1535 846 1562 che
865 1534 919 1562 sol·

338 1585 414 1607 tanto
426 1579 540 1606 durante
554 1587 590 1606 un
603 1579 714 1606 biennio
727 1578 752 1605 le
766 1577 920 1605 conditioni

339 1631 387 1649 sue
414 1622 513 1649 furono
530 1621 579 1648 tali
607 1621 643 1648 da
667 1621 747 1656 fargli
767 1620 921 1648 desiderare

339 1663 365 1690 d’
376 1664 526 1691 andarsene
557 1664 591 1690 da
621 1663 739 1696 Firenze,
779 1662 843 1690 dall’
854 1669 922 1690 otto-

339 1706 387 1733 bre
418 1713 485 1739 1400
517 1707 577 1732 cioe
605 1705 631 1732 al
662 1705 810 1733 settembre
845 1712 921 1738 1402.

339 1749 424 1776 Nulla
443 1749 470 1776 di
496 1749 540 1785 pin
565 1750 689 1776 naturale
717 1748 804 1776 infatti
834 1748 884 1775 che
903 1747 923 1774 il

341 1791 521 1828 Malpaghini,
539 1797 640 1819 testato
660 1791 724 1819 nell'
736 1798 856 1819 autunno
878 1790 923 1818 del

345 1842 412 1868 1400
428 1843 508 1862 senza
527 1835 647 1862 cattedra
661 1843 676 1862 e
687 1835 780 1871 quindi
794 1840 923 1862 costretto

341 1885 358 1904 a
376 1878 469 1904 vivere
488 1877 530 1904 de’
547 1878 636 1913 magri
660 1878 786 1913 proventi
805 1876 868 1903 dell’
885 1877 923 1903 in-

342 1925 522 1956 segnamento
547 1920 663 1956 privato,
688 1928 783 1947 avesse
807 1919 925 1955 vagheg-

343 1962 418 1998 giato
437 1962 457 1990 il
476 1962 590 1998 disegno
607 1962 634 1989 di
654 1968 803 1999 trasportar
818 1962 925 1989 altrove

343 2006 369 2033 la
384 2005 492 2041 propria
512 2005 631 2039 dimora3
651 2006 766 2042 disegno
785 2005 812 2032 di
829 2006 880 2039 cui,
893 2005 926 2032 ri-

344 2047 517 2075 conciliatosi
543 2047 588 2075 col
616 2047 644 2074 S.
670 2047 744 2075 nella
772 2047 925 2083 primavera

344 2090 483 2117 dell‘anno
499 2096 640 2125 seguente,
654 2090 691 2126 gli
710 2090 743 2117 fe’
758 2095 832 2126 parte
852 2090 886 2117 ed
899 2089 926 2117 al

345 2131 425 2168 quale
449 2133 495 2167 poi
515 2132 648 2165 rinunzio,
670 2132 780 2168 quando
800 2131 828 2159 fu
848 2138 924 2160 certo

346 2174 397 2202 che
416 2174 453 2210 gli
473 2174 586 2201 sai-ebbe
605 2180 675 2202 stato
694 2175 826 2202 restituito
845 2173 926 2201 l’uffi-

346 2218 399 2244 cio.
435 2216 504 2244 Cosl
524 2217 549 2244 ci
568 2217 675 2244 sembra
694 2217 925 2245 definitivamente

345 2259 443 2287 sciolto
461 2269 498 2287 un
512 2260 660 2296 problema,
672 2260 723 2288 che
736 2260 772 2288 ha
786 2262 866 2296 porto
878 2268 925 2287 oc-

347 2303 455 2330 casione
470 2312 485 2330 a
503 2308 579 2330 tante
599 2303 768 2331 discussioni.

383 2345 497 2381 Troppo
513 2352 579 2373 nota
592 2347 607 2373 ὲ
620 2346 646 2373 la
657 2346 712 2373 vita
727 2347 755 2373 di
769 2346 852 2374 Carlo
868 2345 927 2373 Ma-

347 2389 442 2416 latesta
461 2389 646 2425 (1368-1429)
666 2398 680 2416 e
696 2389 722 2416 la
738 2395 813 2425 parte
828 2389 926 2425 ch'egli

348 2432 416 2459 ebbe
436 2441 451 2458 a
470 2432 531 2459 tutti
550 2432 589 2467 gli
614 2432 797 2460 avvenimenti
825 2431 926 2468 politici

1001 1299 1084 1324 11.N¹
1100 1299 1203 1323 homine·
1261 1305 1297 1328 ¹3·
1312 1296 1345 1320 N¹
1360 1297 1406 1320 hoc

966 1405 1016 1433 che
1035 1403 1210 1432 sconvolsero
1228 1403 1254 1430 la
1268 1401 1390 1439 penisola
1409 1401 1453 1428 ne'
1463 1400 1545 1437 primi

965 1447 1042 1475 lustri
1066 1447 1112 1474 del
1135 1446 1230 1474 secolo
1257 1444 1467 1482 quindicesimo‚
1487 1451 1548 1480 per-

967 1491 1017 1519 che
1042 1490 1227 1527 giudichiamo
1246 1494 1400 1526 opportuno
1425 1487 1546 1514 intratte·

965 1542 1050 1561 neme
1068 1533 1077 1560 i
1093 1532 1193 1560 lettori.
1232 1531 1284 1559 Per
1303 1531 1329 1559 la
1347 1539 1396 1558 sua
1414 1528 1547 1565 biografia

965 1585 992 1603 v.
1008 1576 1100 1612 quindi
1121 1575 1223 1607 [ΡΠ-Α,
1238 1574 1315 1602 Fam.
1338 1573 1411 1602 celeb.
1426 1572 1452 1599 ὅ
1459 1572 1546 1606 Italia,

966 1619 1021 1647 vol.
1049 1618 1124 1652 XIII,
1152 1617 1373 1650 Malatesta‚
1400 1621 1456 1643 tav.
1474 1622 1508 1647 x;
1531 1622 1548 1641 e

966 1670 1014 1698 per
1031 1661 1057 1688 le
1077 1669 1124 1688 sue
1141 1659 1314 1688 inclinationi
1331 1658 1389 1694 agli
1413 1658 1484 1686 studi
1507 1665 1548 1685 se·

966 1705 1024 1732 veri
1045 1703 1168 1731 oltreche
1187 1703 1213 1730 la
1233 1701 1404 1738 monografia
1423 1700 1484 1728 su11¹
1499 1699 1548 1727 Al·

967 1748 1075 1784 legretti
1097 1756 1112 1775 e
1131 1747 1175 1774 sul
1193 1746 1296 1774 Turchi
1315 1743 1492 1782 (Corrispond.
1510 1743 1550 1771 dal

967 1791 1086 1825 salutati,
1101 1799 1129 1818 n.
1144 1789 1183 1826 11)
1202 1799 1227 1817 v.
1247 1789 1280 1817 C.
1299 1788 1422 1822 Torum,
1441 1787 1480 1815 La
1497 1786 1549 1815 col-

969 1838 1027 1861 tura
1046 1834 1124 1861 letter.
1143 1842 1155 1860 ι
1169 1832 1275 1868 scientis.
1294 1832 1321 1858 in
1341 1831 1438 1859 Rimim‘
1457 1831 1506 1858 διε.
1527 1829 1548 1862 1,

970 1885 1000 1912 73
1019 1885 1079 1912 ⁸33-

1005 1918 1046 1954 (1)
1065 1917 1237 1945 Dimorando
1249 1925 1265 1944 a
1283 1915 1396 1944 Firenze
1414 1914 1547 1943 Coiuocio

970 1961 1077 1988 dovetxe
1097 1969 1177 1988 avere
1202 1959 1248 1996 piu
1267 1959 1355 1986 d'una
1373 1958 1448 1985 volta
1473 1965 1552 1985 occa-

970 2004 1049 2031 sione
1072 2003 1100 2030 di
1123 2008 1232 2030 trattaoe
1261 2000 1483 2037 personalmente
1505 1998 1551 2027 col

970 2047 1121 2074 Malatesta.
1167 2047 1193 2074 Α
1216 2051 1291 2073 tacer
1315 2045 1341 2072 d’
1351 2044 1412 2072 altri
1436 2042 1549 2078 esempL

971 2090 1056 2118 costui
1075 2091 1103 2117 vi
1121 2090 1144 2117 si
1162 2098 1208 2116 era
1227 2095 1316 2116 recato
1334 2086 1400 2115 nell'
1408 2092 1494 2114 estate
1504 2085 1550 2113 del

974 2141 1037 2169 ¹393
1049 2132 1099 2160 ele
1114 2132 1283 2167 Provvigioni
1294 2131 1322 2158 di
1333 2129 1416 2167 quell'
1427 2137 1501 2156 anno
1511 2136 1552 2156 re-

970 2176 1092 2212 gistrano
1110 2181 1184 2202 sotto
1197 2175 1215 2202 il
1231 2182 1260 2210 ¹3
1271 2173 1375 2210 giugno
1388 2181 1444 2200 uno
1457 2181 1472 2197 α
1481 2177 1554 2199 stan-

972 2229 987 2244 «
1000 2219 1162 2246 tiamentum
1178 2225 1227 2253 pro
1242 2216 1348 2244 honore
1361 2215 1433 2242 facto
1446 2212 1552 2241 Karolo

972 2271 987 2286 α
997 2261 1030 2287 de
1045 2259 1195 2287 Malatestis
1209 2269 1233 2292 n,
1249 2258 1309 2285 cioe
1327 2266 1342 2282 κ
1357 2265 1407 2293 pro
1423 2254 1552 2283 donando

973 2303 1046 2330 «sibi
1071 2303 1176 2335 vinum,
1195 2300 1388 2333 confectiones,
1408 2307 1499 2326 ceram
1525 2303 1553 2325 et

972 2355 987 2370 α
997 2345 1109 2372 bladum
1122 2350 1149 2371 et
1164 2352 1214 2380 pro
1229 2342 1359 2370 convivio
1374 2341 1424 2369 sibi
1438 2340 1512 2368 facto
1522 2348 1553 2372 η

971 2387 1004 2415 R.
1023 2387 1107 2415 Arch.
1127 2387 1154 2414 di
1173 2386 1250 2413 suto
1268 2385 1296 2412 in
1315 2384 1438 2417 Firenze,
1457 2383 1553 2411 Provv.

972 2439 997 2458 n.
1017 2431 1061 2464 84,
1080 2439 1103 2458 c.
1123 2430 1154 2464 85
1166 2438 1193 2457 Α.
