1682 2762
75 366 91 387 1¹
97 366 148 387 nltr-
157 366 172 386 il
186 371 257 393 potere
265 365 285 385 di

72 393 181 414 ascendere
203 391 285 414 tnnt'd-

72 425 103 441 ῐο.

97 447 130 467 Ne
160 446 237 466 affer-mi
266 445 285 465 ln

98 474 156 494 verti
171 479 216 493 com
232 478 285 498 agna

70 480 103 520 ἵζ’
114 499 180 527 poeti,
201 506 215 518 n
251 498 285 518 ad-

71 527 130 551 duca,
149 526 174 546 nd
193 525 285 551 esempio

71 553 90 573 di
110 553 153 578 cio,
169 553 176 572 i
194 552 236 572 cusi
253 551 286 570 del

70 579 196 600 Boccaccio.

97 606 126 626 Ln
136 606 219 626 fortuna
229 605 240 624 ὲ
251 610 283 624 so-

70 633 90 653 la
99 634 185 659 signor-
195 631 227 651 de'
236 631 284 650 beni

71 659 160 683 teri-enh
171 659 197 678 ue
207 657 222 678 il
231 657 283 677 Boe-

71 685 141 707 caccio
147 685 200 705 morl
207 690 283 711 povero

71 719 83 733 e
93 713 118 732 dn
125 712 173 732 tutti
181 711 283 737 negleno,

72 739 151 759 com‘ei
162 737 268 765 pretende.

101 996 146 1016 Che
153 1001 175 1016 se
181 994 221 1022 egli
228 1000 287 1021 speu-

75 1024 99 1044 de
114 1023 128 1043 il
143 1028 180 1043 suo
189 1027 256 1047 tempo
267 1022 287 1040 in

75 1050 151 1071 tediosi
172 1049 197 1068 ed
220 1047 288 1067 inutili

75 1077 139 1101 uffici,
151 1075 168 1096 s'
177 1075 226 1095 adiri
241 1081 288 1094 seco

76 1109 143 1124 stesso
171 1109 182 1122 e
206 1101 226 1121 ln
252 1107 289 1120 sua

76 1129 179 1151 brnmosin
193 1128 214 1148 di
223 1127 288 1148 lucro.

105 1285 188 1312 Sprezzi
210 1283 230 1303 le
253 1284 290 1303 ric-

79 1313 152 1333 chezze
161 1317 212 1332 vane
225 1316 236 1330 e
246 1309 291 1337 fug-

79 1338 150 1366 gevoli
164 1345 176 1358 e
187 1337 263 1358 s'atten
279 1343 291 1356 ι

79 1366 98 1386 ιί
112 1365 179 1386 veraci
194 1364 241 1384 beni
255 1370 265 1383 c
281 1370 292 1383 e

80 1392 99 1413 ln
109 1391 188 1413 scienta
194 1397 291 1418 procura.

112 1871 135 1892 Si
142 1873 202 1898 peut·
207 1868 296 1894 dunque.

85 1905 107 1919 30
121 1898 162 1925 pub
183 1895 254 1915 d’aver
267 1900 298 1913 se·

86 1926 145 1953 guito
164 1913 184 1943 le
206 1927 272 1946 muse,
287 1927 298 1940 e

87 1958 130 1972 uon
137 1956 197 1978 spese
205 1950 219 1970 il
227 1953 298 1975 tempo

311 230 373 263 228
726 233 1072 263 EPISTOLARIO

313 362 416 396 bona
446 361 662 394 sonoritas
688 360 923 403 interpretatur,
936 357 1040 391 effecit
1054 367 1089 391 ut
1103 357 1266 402 posses(¹).
1309 368 1368 390 nec
1392 357 1498 396 etiam,

313 428 348 452 ut
363 419 459 451 iratus
475 417 562 457 dicis,
580 416 717 450 affirmes
733 416 925 460 musisequis
942 423 1139 448 senectutem
1154 415 1288 459 irrepere
1307 413 1358 447 vel
1379 422 1500 457 egesta-

312 485 378 509 tem
394 476 479 519 ipsos
499 475 626 508 tacitam
640 474 769 507 irretire.
816 485 876 507 nec
895 473 1087 506 Boccacium
1107 481 1252 505 nostrum
1269 472 1301 504 in
1317 471 1501 515 exemplum

314 533 461 574 adducas,
474 532 528 576 qui
548 543 663 565 exosus
681 541 712 566 et
731 531 825 575 inops
844 531 1014 564 mortalem
1033 531 1190 564 sarcinam
1208 529 1390 573 resignavit.
1437 527 1501 561 for-

313 599 400 632 tune,
421 599 456 624 ut
478 591 522 623 ita
545 590 665 634 loquar,
686 589 749 622 hoc
773 589 893 622 crimen
917 598 974 629 est,
998 600 1072 632 que,
1095 597 1131 621 ut
1157 587 1419 630 Hystoricus
1447 587 1500 626 ait,

311 647 454 692 profecto
478 648 512 681 in
536 648 627 681 omni
645 659 678 680 re
695 646 883 680 dominatur
900 646 949 687 (²);
972 646 1040 679 imo
1059 645 1165 690 potius
1180 645 1279 678 eterni
1303 645 1366 678 Dei
1390 652 1503 678 cuncta

312 706 508 750 disponentis
524 705 682 739 ordinatio
703 714 759 745 est,
781 705 845 749 qui,
863 715 938 737 cum
952 715 1079 737 summe
1096 703 1213 744 bonus,
1226 703 1294 735 imo
1318 712 1445 735 summa
1463 701 1504 734 sit

312 763 449 804 bonitas,
470 772 583 797 cuncta
612 762 824 807 proculdubio
853 762 933 795 bene
957 761 1041 795 facit.
1087 772 1271 805 quanquam
1301 771 1360 793 nec
1385 760 1504 793 Bocca-

313 822 398 855 cium
421 830 589 865 paupertas
613 820 796 861 confecerit,
815 821 869 864 qui
893 830 1048 864 germano
1073 830 1131 852 suo
1156 818 1272 852 domos
1297 817 1451 851 dimiserit
1473 825 1506 850 et

314 890 407 924 agros
423 888 455 912 et
467 879 589 913 nedum
601 890 669 912 non
687 879 820 912 caruerit
832 878 1029 918 necessariis,
1044 877 1099 910 sed
1115 877 1212 910 etiam
1226 875 1392 920 superfluis
1410 875 1506 909 abun-

314 936 413 978 darit3
438 949 497 970 nec
521 948 648 978 exosus,
668 945 704 970 ut
721 936 957 970 inconsiderate
977 935 1093 975 dixisti,
1110 934 1165 968 sed
1185 934 1382 978 gratissimus
1397 933 1506 966 multis

314 995 429 1028 vixerit
441 1004 472 1028 et
487 995 680 1039 optimatum
693 994 852 1027 amicicias
870 994 1059 1037 compararit
1069 992 1112 1026 (³).
1159 991 1257 1036 quod,
1267 992 1293 1025 si
1306 1000 1341 1025 tu
1357 992 1412 1032 ais,
1426 1001 1507 1035 quo-

315 1052 443 1086 tidianis
473 1052 699 1097 inutilibusque
730 1051 889 1085 laboribus
918 1051 1020 1095 ageris
1051 1059 1083 1084 et
1112 1049 1151 1084 ad
1181 1049 1351 1094 portandas
1379 1048 1507 1082 inutiles

316 1111 453 1144 sarcinas
478 1111 651 1155 occuparis,
675 1110 713 1143 de
738 1119 768 1143 te
795 1109 937 1153 querelas
964 1117 1060 1149 strue,
1083 1107 1141 1141 tibi
1171 1117 1202 1141 et
1233 1107 1329 1140 errori
1353 1115 1421 1147 tuo,
1440 1117 1508 1139 non

317 1169 428 1209 musis,
447 1168 510 1201 hoc
533 1167 620 1212 quod
637 1168 839 1212 conquereris
851 1168 1024 1211 imputato;
1044 1166 1099 1210 qui
1113 1176 1171 1210 pro
1187 1165 1311 1210 poetica
1323 1174 1377 1198 tue
1392 1163 1509 1197 mentis

318 1226 481 1260 obtutibus
505 1226 665 1260 obcecatis
694 1225 874 1259 divitiarum
906 1224 1158 1258 cumulationem
1187 1223 1282 1258 stulte
1310 1223 1509 1266 inaniterque

318 1295 487 1328 proponas.
534 1285 655 1328 respice
673 1295 785 1328 parum
806 1282 1021 1327 corruptibiles
1042 1290 1280 1326 corrumpentes
1295 1280 1432 1321 divitias,
1443 1280 1510 1324 qui-

319 1341 387 1383 bus,
412 1354 451 1375 ex
475 1353 539 1386 quo
559 1342 636 1375 tales
655 1351 739 1382 sunt,
763 1341 858 1375 credo
883 1341 945 1374 Dei
967 1351 1100 1373 munere
1125 1339 1234 1373 datum
1257 1340 1308 1380 sit,
1331 1337 1419 1383 quod
1447 1339 1511 1371 sint

319 1399 479 1433 instabiles
496 1409 527 1433 et
541 1399 682 1444 fugaces,
700 1408 741 1439 et,
758 1400 785 1432 si
802 1398 898 1439 vales,
915 1397 1095 1432 debilitatos
1111 1398 1235 1431 illarum
1246 1396 1327 1430 falso
1342 1395 1510 1441 splendore

320 1458 437 1491 mentis
461 1457 572 1491 oculos
596 1457 636 1491 ad
658 1457 741 1490 hanc
761 1456 876 1490 ducem
899 1465 989 1490 tuam
1009 1467 1048 1489 ex
1069 1455 1164 1489 altera
1182 1465 1269 1500 parte
1289 1462 1456 1488 convertas
1480 1462 1511 1487 et

321 1516 465 1549 conferas
489 1516 601 1559 ipsam,
625 1516 651 1548 si
675 1524 778 1559 potes.
825 1514 958 1554 videbis,
982 1514 1015 1547 ni
1039 1513 1141 1554 fallor,
1164 1513 1232 1547 illas
1256 1513 1352 1546 etiam
1381 1512 1512 1556 turpiter

321 1574 420 1618 queri,
441 1573 522 1607 hanc
538 1573 668 1607 nonnisi
687 1572 861 1606 rationibus
891 1572 1125 1605 honestissimis
1146 1571 1340 1615 comparari;
1359 1570 1427 1604 illas
1446 1570 1512 1604 suis

322 1631 555 1676 possessoribus
572 1642 685 1675 graves
702 1640 732 1664 et
749 1630 869 1670 anxias,
884 1629 968 1663 hanc
982 1630 1205 1662 suavissimam
1222 1638 1254 1662 et
1267 1639 1427 1669 securam3
1446 1627 1513 1660 illas

323 1689 466 1734 quotidie
486 1698 625 1723 mutatos
642 1688 793 1722 dominos
812 1687 952 1732 perdere,
970 1687 1052 1721 hanc
1071 1698 1197 1731 semper
1212 1686 1326 1731 quibus
1342 1698 1376 1719 se
1393 1685 1515 1719 dederit

323 1747 482 1788 inherere3
505 1746 572 1779 illas
596 1746 702 1779 solum
721 1756 884 1779 summam
907 1744 1085 1786 intendere,
1103 1744 1187 1778 hanc
1204 1743 1303 1777 nichil
1323 1743 1408 1777 aliud
1427 1742 1516 1793 cogi-

323 1814 389 1838 tare
413 1815 510 1848 quam
533 1803 667 1845 famam3
697 1803 775 1843 illas,
799 1802 913 1847 quibus
938 1802 1128 1836 obvenerint
1150 1813 1207 1836 sua
1231 1802 1423 1846 contagione
1448 1811 1517 1834 cor-

325 1874 483 1907 rumpere,
503 1862 586 1895 hanc
608 1862 657 1894 sui
684 1861 844 1895 studiosos
869 1861 1009 1894 maxima
1027 1859 1222 1904 perfectione
1247 1859 1417 1904 complere.
1461 1869 1517 1903 pe-

326 1921 423 1954 niteat
437 1932 515 1964 ergo
531 1929 573 1960 te,
594 1920 620 1953 si
635 1929 758 1953 rectum
774 1919 909 1959 videtur,
924 1918 1011 1963 quod
1028 1930 1135 1952 musas
1153 1918 1296 1951 dilexeris
1312 1926 1344 1951 et
1356 1917 1518 1962 poeticam

378 2024 404 2045 4.
420 2017 476 2041 Cod.
491 2022 584 2040 exorsus

362 2105 404 2140 (1)
422 2105 533 2132 Intorno
552 2114 567 2132 a
586 2111 679 2141 queste
688 2105 901 2140 interpretazioni

328 2146 485 2181 eolucciane
503 2147 545 2174 de'
555 2148 630 2174 nomi
645 2146 714 2173 delle
733 2155 818 2180 muse,
837 2155 902 2181 veg-

327 2189 385 2224 gasi
404 2193 503 2224 quanto
522 2189 537 2215 e
556 2194 626 2216 stato
646 2188 719 2215 detto
738 2187 809 2214 nelle
838 2193 901 2214 note

326 2230 412 2266 all'ep.
424 2239 484 2259 xxu
495 2231 538 2258 del
550 2231 595 2258 lib.
614 2231 680 2264 V11;
700 2231 733 2264 II,
746 2238 820 2266 347e
841 2238 899 2265 350.

363 2274 404 2308 (2)
425 2274 564 2301 SALLUST.
585 2274 686 2301 Catilin.
702 2273 775 2299 VIII.

362 2317 405 2352 (3)
425 2327 439 2342 «
450 2317 564 2344 Amicos
575 2317 668 2344 habuit
678 2317 786 2350 multos,
797 2316 844 2343 sed
854 2324 899 2343 ne-

329 2369 342 2384 «
355 2360 463 2392 minem,
475 2361 519 2395 qui
530 2369 594 2387 suae
605 2360 767 2396 indigentiae
778 2359 901 2386 subveni-

330 2410 342 2425 α
353 2406 430 2433 ret»;
441 2409 524 2428 aveva
535 2401 579 2436 gia
590 2402 683 2428 scritto
693 2401 737 2428 del
749 2401 900 2428 Boccaccio

946 2103 975 2130 F.
990 2103 1113 2130 Vnum
1130 2103 1181 2138 (De
1197 2104 1245 2130 civ.
1264 2103 1336 2130 Flor.
1354 2103 1415 2136 fam.
1431 2102 1517 2135 civib„

947 2146 987 2172 ed.
999 2145 1117 2178 Galletti,
1127 2155 1153 2181 p.
1166 2146 1223 2181 18);
1241 2147 1276 2172 ne
1291 2145 1327 2181 gli
1338 2145 1360 2172 si
1376 2153 1419 2171 era
1435 2144 1518 2171 allora

947 2195 1063 2223 opposto
1078 2188 1098 2215 il
1114 2188 1141 2215 S.
1179 2188 1255 2215 Sulla
1270 2188 1380 2224 poverta
1399 2186 1443 2214 del
1455 2187 1520 2213 Boc-

946 2230 1050 2264 caceio,
1061 2235 1183 2257 attestata
1193 2230 1280 2257 altresi
1290 2229 1335 2256 dal
1345 2229 1429 2256 Bruni
1445 2237 1460 2255 e
1474 2228 1519 2255 dal

945 2271 1060 2299 Manetti
1079 2272 1137 2307 (op.
1161 2272 1205 2298 cit.
1225 2279 1268 2306 pp.
1291 2278 1323 2305 54
1343 2278 1358 2297 e
1379 2270 1436 2306 92),
1454 2279 1519 2306 veg-

947 2314 1002 2350 gasi
1015 2313 1058 2340 del
1073 2320 1144 2340 resto
1158 2313 1177 2340 il
1191 2313 1402 2346 Mmucmsm,
1418 2312 1452 2339 Le
1468 2313 1520 2339 viu

946 2356 1039 2384 d’uom.
1057 2356 1093 2383 ill.
1106 2357 1163 2390 fior.
1183 2364 1228 2382 scr.
1245 2354 1278 2382 da
1297 2354 1328 2381 F.
1354 2354 1458 2387 Villani,
1478 2353 1521 2380 Fi-

946 2408 1031 2435 renze,
1055 2399 1130 2433 1826,
1149 2408 1174 2435 p.
1191 2399 1234 2431 81,
1248 2404 1314 2425 nota
1328 2405 1372 2431 42.

1538 882 1577 906 10

1540 1171 1577 1204 15

1537 1467 1582 1491 20

1543 1752 1582 1786 25
