1682 2762
124 491 142 512 Α
154 496 225 518 questa
235 490 311 511 nolun-

96 523 119 538 ιο
140 518 221 538 dedichi
242 517 311 537 Guido

96 549 152 565 tutto
167 551 189 565 se
207 550 282 568 stesso.

100 724 203 744 lud-udo
212 724 231 743 ni
240 723 314 743 medici

101 751 121 771 la
135 757 184 771 eura
199 751 220 770 di
235 756 313 770 tcrutnr

99 778 118 798 le
126 784 175 798 cose
182 777 260 802 fisiche;
267 784 313 804 pur-

101 805 138 825 che
162 810 248 825 conoro
273 810 313 824 non

100 832 209 852 ardis-:nno
227 831 277 851 dirsi
292 831 313 851 fi-

100 859 168 883 louofi,
186 865 219 878 mn
236 858 313 878 d'esser

99 886 196 906 chiamni
202 885 252 906 fisiei
260 885 314 905 niun

98 912 168 940 pnghi.

127 1074 253 1095 Brancoliuo
280 1080 314 1094 co-

98 1106 158 1122 storo
174 1109 186 1122 a
200 1101 232 1121 lor
268 1106 315 1121 on-

101 1129 121 1148 in
136 1135 207 1148 mezzo
229 1128 248 1148 nl
258 1134 269 1148 e
284 1132 315 1148 te-

101 1156 162 1176 nebre
172 1156 209 1176 che
221 1161 315 1182 :oprouo

99 1182 204 1203 finissime
220 1182 228 1202 ἰ
238 1182 315 1209 :egi-eti

101 1209 155 1230 della
178 1214 264 1233 natur-3
287 1208 316 1228 nl-

101 1236 235 1257 manchino
259 1235 314 1255 suno

100 1264 179 1291 spnzio,
191 1263 223 1283 sul
234 1267 313 1290 tempo,

101 1308 150 1329 sull'
166 1308 199 1328 ori
215 1308 249 1327 ine
284 1307 316 1327 del

103 1335 190 1360 mondo,
215 1334 317 1354 'ezei-niu

104 1362 157 1383 delle
172 1362 247 1389 speeie,

102 1425 122 1446 1-
143 1431 205 1446 causa
227 1424 292 1451 prima
307 1429 318 1443 e

102 1452 204 1473 l'esseuzn
220 1458 264 1475 sua.

104 1538 124 1559 la
148 1537 285 1565 genenzioue
307 1542 318 1556 e

105 1565 228 1586 corruzione
238 1564 258 1583 di
267 1563 318 1590 ogni

105 1598 170 1616 coam
199 1591 219 1611 la
247 1595 319 1610 nutura

105 1619 240 1642 dell'nuima,
265 1616 319 1637 delle

105 1652 179 1667 umnue
196 1650 291 1672 potense,

106 1708 195 1729 de‘fatti
211 1707 248 1728 che
263 1707 320 1727 εἰν-

107 1741 196 1758 vertuno
223 1733 321 1754 nell'uo-

102 1769 154 1787 πιος
179 1762 213 1782 eol
227 1760 320 1788 periculo

107 1787 322 1816 d’ingnnunnied’in-

109 1823 199 1844 gmnare
209 1815 279 1835 altresi
288 1814 322 1835 ehi

108 1843 172 1871 presti
188 1843 220 1863 lor
234 1842 286 1862 fede.

138 1950 202 1970 Come
223 1949 291 1969 dis-ni
306 1948 324 1968 si

110 1978 153 2004 ριιὸ
159 1984 191 1997 nm
194 1982 278 1996 mettere
283 1982 324 1996 con

110 2005 151 2024 essi
168 2004 273 2024 l'eterniu
291 2002 323 2022 del

112 2031 197 2057 mondo,

341 220 403 264 588
764 226 1114 255 EPISTOLARIO

351 379 447 412 quam
462 367 555 401 Greci
566 366 715 411 sophiam
731 367 911 406 nominant,
928 377 996 400 esse
1012 366 1159 400 dixerunt
1173 375 1204 400 et
1216 367 1284 400 eius
1298 377 1442 400 amorem
1455 378 1544 400 com-

346 427 452 471 posito
485 424 643 459 vocabulo
667 424 905 469 philosophiam
935 425 990 469 qui
1020 434 1104 458 recte
1134 425 1309 469 loquuntur
1339 434 1370 458 et
1404 426 1546 459 sentiunt

341 495 510 518 vocavere.
558 483 632 518 huic
656 492 688 517 te
707 483 806 517 velim
822 483 937 524 tradas,
955 482 1030 517 huic
1048 482 1177 517 studeas
1197 492 1288 528 opto,
1308 482 1436 516 m‘emor
1457 482 1546 528 quod

342 542 501 576 scribendi
525 551 622 583 recte,
645 542 726 576 sicut
749 542 852 586 inquit
870 541 1014 583 Flaccus,

663 623 763 658 Sapere
783 628 824 650 est
843 629 870 650 et
889 621 1051 658 principium
1072 628 1099 649 et
1117 621 1178 649 fons
1189 622 1232 649 (ι).

343 718 485 752 dimittas
508 717 642 762 physica
666 716 810 758 medicis,
826 717 881 761 qui
897 716 1014 750 volunt
1037 716 1096 750 hec
1121 716 1161 750 ad
1184 728 1229 757 se,
1253 728 1316 760 que
1335 716 1404 750 sine
1424 714 1547 750 invidia

342 777 401 811 sibi
426 776 647 821 relinquimus,
672 776 829 820 pertinere
837 788 846 817 ;
870 776 914 808 ita
937 785 1046 809 tamen
1076 774 1164 820 quod
1194 774 1257 808 hoc
1288 773 1396 808 studio
1419 786 1488 808 non
1511 785 1547 808 se

343 835 488 869 medicos
510 835 673 879 longeque
698 835 806 868 minus
821 834 1045 878 philosophoS‚
1068 832 1125 867 sed
1143 833 1250 867 solum
1274 833 1436 878 physicos,
1457 831 1545 878 quod

342 905 437 938 supra
453 892 598 927 medicos
614 903 671 935 est,
688 892 826 927 audeant
839 893 1000 926 vocitare>
1030 891 1172 926 dimittas
1185 892 1264 936 ipsis
1272 891 1413 936 physica,
1423 902 1548 936 precor,

342 953 508 998 quoniam,
520 961 601 986 teste
621 951 854 996 Philosoph
865 963 897 992 o,
915 951 998 985 sicut
1016 951 1259 994 nycticoracum
1282 950 1368 984 oculi
1384 949 1424 984 ad
1440 949 1547 984 lucem

343 1010 407 1045 diei
431 1023 465 1044 se
490 1010 620 1050 habent,
645 1010 690 1044 sic
721 1019 753 1043 et
777 1011 884 1044 anime
919 1018 1028 1043 nostre
1057 1009 1235 1043 intellectus
1255 1008 1296 1042 ad
1319 1020 1355 1042 ea
1378 1020 1441 1053 que
1470 1017 1547 1042 sunt

344 1069 435 1103 omni
459 1078 572 1103 nature
596 1069 765 1102 notissima
777 1068 822 1101 (²).
870 1078 1038 1102 versentur
1061 1068 1094 1101 in
1114 1067 1175 1101 hac
1195 1067 1387 1101 obscuritate
1410 1067 1480 1101 sine
1498 1068 1547 1101 in-

344 1127 430 1161 vidia
455 1127 573 1161 medici
598 1137 630 1160 et
654 1127 826 1172 inquirant,
851 1128 876 1160 si
896 1127 1032 1171 reperire
1050 1136 1196 1171 possunt,
1215 1137 1327 1160 causas
1347 1135 1378 1160 et
1394 1125 1548 1171 principia

344 1198 469 1227 rerum3
502 1186 663 1230 inquirant
687 1197 827 1219 vacuum
858 1185 1033 1227 infinitum,
1063 1185 1126 1219 loci
1157 1185 1208 1218 vel
1240 1194 1350 1219 motus
1376 1185 1548 1226 rationem,

346 1244 504 1278 diffiniant
529 1253 656 1288 ternpus
672 1253 704 1277 et
722 1244 844 1278 instans
869 1254 900 1278 et
924 1243 1043 1278 horum
1066 1244 1190 1277 ratione
1213 1243 1360 1288 probent,
1384 1244 1409 1276 si
1434 1242 1549 1288 proba·

345 1303 408 1337 bile
435 1313 545 1336 tamen
568 1303 618 1343 sit,
643 1302 803 1336 mundum
839 1314 944 1336 carere
975 1302 1144 1347 principio,
1174 1302 1297 1346 species
1325 1311 1451 1336 eternas
1481 1313 1550 1336 non

346 1361 470 1395 ratione
487 1361 593 1394 solum
609 1372 689 1401 esse,
709 1360 765 1394 sed
778 1360 1019 1394 individuorum
1035 1371 1203 1404 nunquam
1215 1359 1367 1393 inchoata
1379 1359 1548 1404 presentia.

347 1420 479 1453 veniant
499 1419 594 1452 etiam
616 1419 650 1452 in
669 1419 805 1463 primam
823 1430 964 1460 causam,
984 1430 1082 1463 quam
1099 1418 1145 1451 sic
1161 1429 1230 1452 esse
1251 1417 1352 1451 velint
1366 1416 1483 1452 infiniti
1502 1417 1551 1451 vi·

347 1478 434 1523 gotis
459 1477 547 1522 quod
568 1478 761 1519 necessario,
788 1489 856 1512 non
883 1490 924 1511 ex
945 1477 1111 1522 proposito
1131 1486 1248 1510 cuncta
1270 1475 1365 1510 faciat
1385 1485 1418 1510 et
1441 1485 1550 1510 tamen

348 1545 436 1570 extra
452 1547 486 1569 se
505 1535 604 1570 nichil
622 1535 779 1580 intelligat
798 1536 850 1569 vel
869 1545 1044 1580 agnoscat3
1064 1535 1307 1580 generationem
1323 1544 1355 1569 et
1373 1534 1551 1580 corruptio-

348 1605 425 1627 nem
440 1605 547 1628 rerum
568 1593 756 1635 discutiant3
772 1594 935 1638 vestigent
954 1595 1098 1628 animam
1117 1593 1194 1638 quid
1213 1593 1263 1634 sit,
1275 1592 1352 1638 quid
1367 1593 1552 1627 communis

348 1664 473 1693 sensus,
493 1652 570 1696 quid
585 1652 763 1697 phantasia,
783 1652 860 1697 quid
880 1652 1071 1693 intellectus,
1084 1652 1161 1697 quid
1181 1652 1275 1692 ratio,
1293 1651 1372 1696 quid
1391 1651 1552 1693 voluntas,

348 1710 424 1755 quid
440 1711 598 1755 appetitus
610 1712 679 1755 ipse
696 1711 878 1751 sensimus,
893 1722 957 1755 que
974 1711 1188 1755 corporalium
1204 1721 1360 1744 sensuum
1379 1709 1552 1751 distinctio,

350 1768 439 1814 quod
455 1780 537 1813 opus
561 1780 664 1813 queve
689 1778 813 1810 natura,
836 1769 913 1814 quid
939 1781 1074 1803 somnus
1101 1778 1133 1802 et
1153 1769 1282 1802 somnia
1289 1781 1300 1809 ;
1323 1769 1358 1802 in
1382 1767 1498 1813 quibus
1521 1777 1554 1802 et

350 1827 418 1861 aliis
438 1827 601 1867 omnibus,
619 1838 695 1861 cum
715 1839 782 1861 non
798 1827 934 1870 lynceis,
954 1827 1011 1860 sed
1030 1827 1271 1871 nycticoracum
1290 1835 1421 1860 utantur
1439 1825 1554 1868 oculis,

350 1885 530 1919 verendum
549 1879 626 1930 ipsis
651 1895 699 1919 est
718 1898 758 1919 ne
783 1886 949 1920 somnient
972 1886 1024 1919 vel
1048 1886 1141 1919 vanis
1164 1885 1276 1926 delusi,
1299 1885 1392 1919 sicuti
1414 1884 1498 1918 solet
1519 1885 1555 1918 in

351 1944 497 1985 somniis,
515 1944 594 1978 alios
610 1943 763 1978 deludant
779 1944 830 1978 vel
854 1956 888 1978 se
911 1943 1064 1989 prebeant
1087 1940 1298 1978 deludendos.
1361 1943 1433 1988 quis
1456 1943 1556 1984 enim,

352 2011 387 2036 ut
411 2011 516 2036 cetera
546 2002 669 2043 sileam,
689 2002 778 2044 ferat,
798 2014 872 2036 cum
897 2002 1058 2036 mundum
1090 2002 1129 2036 ab
1161 2011 1272 2036 eterno
1295 2000 1392 2036 fuisse
1423 2010 1554 2036 conten-

353 2060 440 2102 dant,
464 2072 533 2094 non
563 2061 670 2106 plures
702 2061 796 2095 horas
820 2072 919 2105 quam
954 2072 1058 2112 annos
1091 2060 1145 2094 vel
1175 2060 1305 2094 Saturni
1337 2059 1556 2094 revolutiones

408 2165 430 2188 3.
440 2158 458 2180 Α
473 2157 503 2180 P¹
518 2165 605 2181 memor
619 2165 678 2188 que,·
693 2159 723 2181 ho
738 2161 830 2180 mutato
844 2158 929 2187 qnindt'
941 2159 961 2181 ιῚ
974 2165 1019 2188 que
1033 2159 1059 2180 in
1072 2158 1134 2187 quod
1195 2166 1220 2186 ⁴·
1235 2158 1254 2180 A
1268 2157 1302 2180 sic
1316 2157 1395 2180 nen-ibit

353 2201 471 2221 omettono
486 2203 508 2221 et
521 2199 583 2228 dopo
597 2203 631 2222 est
687 2206 708 2228 7.
719 2200 737 2222 Α
751 2199 783 2222 da
793 2199 825 2221 nh
835 2200 878 2221 che
886 2199 1022 2222 dmrebbesi
1030 2200 1162 2228 :ciogliae
1171 2199 1196 2220 in
1205 2202 1293 2221 tantum

353 2240 400 2262 lum
458 2247 493 2263 ιο.
504 2238 534 2262 P¹
546 2240 628 2262 noctic.
688 2246 722 2263 ιι.
736 2239 766 2262 P¹
781 2242 868 2262 omette
882 2247 908 2262 ea
964 2246 999 2262 τι.
1013 2241 1032 2262 Α
1046 2239 1175 2262 discurrunt

353 2279 384 2302 dd
399 2279 465 2302 sicuti
480 2287 495 2303 ο
514 2279 593 2302 sicut?
621 2280 656 2302 La
674 2280 762 2309 grafia
776 2280 816 2302 del
828 2280 878 2304 cod.
893 2280 918 2302 σι’
930 2281 1006 2302 [ascia
1023 2281 1116 2303 incerti.

354 2320 429 2350 quod,
444 2321 488 2343 che
501 2321 532 2342 Ιιο
546 2326 678 2349 :oppresso-

1462 2163 1486 2186 5.
1499 2155 1558 2179 A?

1348 2198 1370 2221 8.
1385 2196 1559 2220 μακαριο-

1230 2245 1267 2268 ²5·
1282 2237 1312 2260 1²¹
1328 2237 1438 2261 nocticor-
1493 2237 1558 2260 36η(

1205 2280 1243 2302 28.
1258 2278 1314 2302 ,41³¹
1329 2279 1390 2308 dopo
1408 2278 1464 2301 fem
1477 2277 1559 2304 ddum

390 2410 432 2444 (ι)
453 2409 566 2436 ΗοιιΑτ.
586 2409 636 2445 Ep.
655 2409 690 2441 11,
710 2417 751 2442 m,
773 2417 831 2445 309.
1014 2410 1058 2444 (2)
1077 2409 1218 2436 Amsror.
1236 2408 1373 2448 Metaphys.
1392 2407 1413 2441 Ι,
1431 2415 1452 2440 ι,
1472 2413 1558 2440 12-14.

1579 959 1618 984 10

1581 1252 1616 1284 15

1579 1543 1622 1567 20

1582 1835 1624 1869 25
