1682 2762
134 755 152 788 5

110 1359 147 1393 15

452 231 500 258 D1
533 231 798 260 COLUCCIO
833 229 1105 259 SALUTATI.

1318 231 1376 263 155

707 435 852 470 XXIIII.

449 521 480 554 A
504 529 658 553 uus-rao
674 520 856 553 Ammomo
879 529 915 552 οι
939 518 1112 554 Κοαιᾼθ).

388 605 472 640 [Cod.
492 604 562 632 della
581 604 732 632 Nazionale
751 604 778 631 di
795 604 902 631 Madrid
921 604 952 637 P,
971 604 1014 637 28,
1032 612 1055 631 c.
1077 604 1126 631 188
1136 603 1173 639 1³.]

181 690 326 736 Epistula
346 690 450 738 >vatis
465 689 592 724 Colucii
626 688 816 733 responsiva
851 699 946 732 super
981 687 1172 732 quibusdam
1208 687 1311 722 dubiis
1343 688 1377 722 in

246 744 365 793 prefata
392 746 527 792 epistola
558 746 718 780 contentis
751 746 906 791 magistro
935 744 1114 779 Ambroxio
1151 745 1191 779 de
1228 745 1378 790 originali

246 804 443 848 transcripta.

263 896 343 921 mm
366 895 451 926 sunt,
482 885 531 919 vir
561 884 702 929 egregie,
727 884 830 918 amice
854 883 1029 925 karissime,
1054 882 1151 917 dubia
1173 892 1239 924 tua,
1261 883 1377 928 quibus

181 894 259 979 D
276 943 446 989 responsio
468 955 537 978 non
561 952 711 988 negetur3
731 942 848 988 dignus
866 953 900 976 es
923 941 1012 986 quod
1036 953 1090 975 me
1113 941 1210 976 fueris
1233 942 1376 987 singula-

177 1003 264 1039 ribus
287 1003 446 1038 allocutns
469 1002 587 1044 verbis,
618 1002 794 1047 figuratum
819 1013 928 1036 scema
952 1001 1176 1036 collocutionis
1208 1000 1377 1046 effugiens,

111 1069 151 1094 10
177 1062 265 1108 quod
288 1062 375 1097 nulla
408 1062 582 1096 necessitas
614 1069 711 1106 cogat
740 1071 912 1102 assumere,
937 1060 988 1094 cui
1011 1061 1112 1105 gratie
1135 1059 1312 1095 referantur
1323 1060 1374 1102 (²);

177 1120 297 1166 dignus
311 1132 346 1155 es
365 1120 464 1155 etiam
475 1120 531 1165 qui
546 1129 578 1154 te
594 1130 707 1154 meum
721 1128 808 1153 tanta
823 1130 898 1153 curn
917 1119 1037 1154 amoris
1060 1118 1231 1154 dulcedine
1245 1118 1373 1160 fateare,

177 1180 228 1214 cui
251 1178 470 1213 vicissitudine
487 1190 561 1212 mea
575 1177 761 1223 responderi
777 1177 891 1212 debeat
912 1178 946 1212 in
965 1189 1086 1212 amore.
1133 1177 1221 1223 quod
1240 1177 1373 1222 quidem

177 1237 327 1272 ultimum
351 1237 492 1282 primum
516 1235 698 1277 absolvens,
722 1245 855 1280 accepto
878 1245 911 1270 te
934 1235 1005 1270 letis
1029 1236 1145 1270 animis
1167 1236 1202 1269 in
1231 1236 1372 1270 amicum

176 1297 339 1342 velimque
357 1305 389 1331 te
411 1295 468 1330 tibi
490 1294 681 1340 persuadeas
701 1294 790 1340 quod
809 1305 841 1329 te
867 1295 1010 1340 diligam,
1035 1304 1071 1330 ut
1089 1295 1210 1329 amodo
1233 1296 1337 1340 possis
1353 1307 1372 1329 a

176 1364 231 1387 me
249 1362 364 1388 cuncta
375 1351 549 1396 deposcere
568 1362 629 1385 nec
642 1351 685 1384 sit
699 1350 788 1396 quid,
806 1350 895 1396 quod
914 1362 971 1396 per
993 1362 1046 1385 me
1065 1350 1134 1385 fieri
1153 1351 1264 1396 possit,
1283 1350 1372 1396 quod

230 1442 253 1466 9.
267 1434 439 1465 collocutionis]
453 1434 509 1457 eod.
524 1429 575 1474 {ab

209 1513 254 1550 (ι)
266 1513 307 1542 Vn
320 1513 428 1541 innanzi
441 1513 495 1541 aua
507 1520 630 1550 presente
641 1513 689 1541 nel
703 1521 751 1541 co-

175 1556 236 1585 diee
259 1555 412 1583 madrileno
437 1556 473 1590 (c.
496 1555 544 1583 188
553 1555 584 1590 Α)
609 1555 750 1591 l'epistola

175 1600 266 1627 scritta
291 1606 367 1635 «per
389 1597 550 1634 magistrum
573 1597 749 1625 Ambrosium

176 1651 191 1667 ι
204 1641 239 1669 de
262 1640 358 1668 Rochn
375 1640 431 1668 vati
452 1640 571 1668 Colucio
589 1648 670 1676 super
693 1639 751 1676 qui-

176 1693 191 1710 «
204 1682 318 1711 busdam
337 1682 424 1710 dubiis
438 1692 465 1716 »;
482 1690 527 1709 ma
541 1682 568 1709 la
580 1683 704 1710 scrittura
723 1682 750 1709 di

176 1724 274 1756 cestui,
294 1723 425 1751 intessuta
449 1723 543 1753 com’e
564 1722 591 1750 di
612 1722 675 1750 frasi
693 1730 750 1750 non

175 1775 239 1794 men
265 1764 458 1793 rimbombanti
484 1765 535 1793 che
560 1771 650 1799 vuote,
676 1765 750 1792 nulla

177 1809 323 1844 c'insegna
341 1808 449 1835 intorno
467 1807 522 1835 alla
539 1815 588 1835 sua
612 1808 698 1843 patria
716 1807 750 1835 ed

175 1850 229 1879 alle
248 1850 400 1878 condizioni
418 1858 480 1882 sue;
495 1849 585 1877 aiche
603 1850 628 1877 ci
644 1851 659 1877 ὲ
671 1858 750 1886 pano

174 1892 269 1921 inutile
296 1891 454 1928 riprodurln-
501 1891 524 1918 E
552 1891 651 1928 poiche
679 1891 750 1919 d'al-

174 1936 272 1964 tronde
284 1943 388 1972 neppur
397 1934 423 1962 la
432 1934 547 1971 rispom
559 1934 603 1962 del
619 1934 648 1962 S.
660 1943 750 1962 arreca

175 1988 260 2007 vernn
275 1978 351 2006 lume
366 1977 392 2005 al
412 1978 624 2014 proposito,·cosl
644 1979 751 2006 intorno

176 2031 192 2049 a
209 2027 306 2058 questo
319 2020 536 2056 corrispondenoe
554 2028 606 2047 suo
621 2028 675 2048 non
691 2029 750 2056 sap·

176 2064 249 2100 piam
266 2069 365 2099 troppo
384 2062 435 2090 che
449 2062 514 2090 dire.

210 2106 347 2142 niguarda
371 2105 398 2132 al
418 2111 512 2141 tempo
536 2105 582 2132 nel
603 2105 684 2141 quale
707 2114 751 2132 av·

175 2147 302 2176 vennelo
321 2146 440 2175 seambio
455 2147 481 2174 di
495 2146 589 2174 lettere
606 2147 698 2174 ualui
717 2147 750 2174 ed

174 2189 195 2217 il
213 2189 243 2217 S.
262 2189 286 2217 ci
305 2190 320 2216 e
338 2190 404 2225 pero
423 2196 554 2216 concesso
572 2189 599 2216 di
617 2189 749 2225 giungere

173 2239 190 2259 a
202 2231 316 2259 risultati
330 2231 376 2267 piu
390 2230 582 2258 soddissacenti
594 2231 691 2267 perche
704 2231 749 2267 piu

175 2274 304 2301 concreti.
349 2272 479 2300 Inviando
494 2281 510 2299 a
528 2273 751 2300 mesu-'Ambra

174 2315 222 2351 gio
243 2323 297 2342 una
316 2316 394 2351 copia
419 2314 495 2342 della
514 2323 563 2342 sua
588 2314 702 2351 epistola
724 2315 751 2342 al

174 2357 328 2393 Vergioleoi
337 2357 447 2385 intorno
456 2365 472 2384 a
483 2357 589 2385 Seneca
605 2364 686 2393 poeta
698 2364 750 2385 na-

176 2399 246 2436 gito,
271 2399 403 2428 colui-‚cio
426 2408 534 2428 osserva
550 2408 597 2436 per
610 2400 750 2428 incidenza

796 1512 901 1540 ch'essa
919 1511 948 1539 fu
966 1512 1057 1540 scritta
1072 1512 1308 1549 ventiquattr’anni
1323 1512 1374 1550 pri·

796 1563 852 1582 ma.
887 1553 934 1581 Ma
952 1554 999 1582 noi
1014 1554 1155 1591 sappiamo
1169 1563 1220 1582 con
1240 1561 1372 1582 esanezza

796 1597 905 1634 quando
925 1605 941 1624 e
961 1597 1031 1624 dove
1053 1597 1077 1624 e'
1096 1596 1122 1624 la
1144 1605 1337 1634 componesse:
1357 1605 1373 1624 a

796 1639 888 1668 Lucca
913 1640 974 1667 cioe
1003 1639 1195 1667 nell’autunno
1219 1639 1264 1668 del
1292 1647 1373 1676 ¹3712

795 1682 896 1715 sicche.
920 1682 1114 1718 aggiungeudo
1135 1690 1150 1710 a
1171 1688 1264 1719 questa
1283 1682 1346 1710 data
1364 1683 1372 1709 i

795 1724 966 1761 ventiquattr'
974 1724 1038 1752 anni
1067 1724 1176 1753 indicari
1198 1724 1242 1752 dal
1267 1724 1305 1758 S..
1331 1733 1374 1752 sa-

795 1775 874 1794 remo
891 1766 1011 1795 condotti
1027 1767 1052 1794 al
1071 1774 1146 1803 1395.
1183 1767 1206 1794 E
1225 1775 1272 1804 per
1287 1767 1372 1794 verita

795 1810 823 1836 io
833 1809 906 1836 avrei
915 1808 1061 1836 volontieri
1071 1808 1204 1836 collocato
1213 1808 1239 1836 la
1248 1815 1372 1844 presente

795 1857 867 1879 sotto
885 1850 1048 1888 quell’anno
1063 1859 1092 1878 se
1110 1859 1166 1878 non
1186 1851 1224 1878 mi
1242 1850 1313 1878 fosse
1329 1859 1372 1878 av·

795 1899 897 1921 venuto
916 1893 942 1920 di
954 1893 1097 1920 rinvenirla
1111 1893 1157 1921 nel
1168 1893 1262 1920 codice
1277 1892 1304 1920 di
1317 1892 1373 1920 Ma·

795 1935 854 1962 drid
872 1941 970 1972 troppo
987 1935 1055 1962 tardi
1070 1935 1170 1972 perche
1185 1935 1287 1971 poteesi
1302 1943 1373 1963 asse-

795 1978 891 2013 gnarle
913 1987 949 2005 un
967 1977 1053 2013 luogo
1072 1977 1143 2005 nelle
1162 1979 1260 2014 pagine
1278 1985 1372 2014 prece-

795 2020 878 2048 denti.
921 2020 971 2048 Sto
989 2020 1081 2056 quindi
1100 2028 1174 2056 pago
1191 2028 1207 2047 a
1227 2019 1372 2048 collocarla

794 2063 850 2099 qui,
869 2071 884 2090 e
902 2062 1099 2090 moen-andomi
1118 2062 1204 2090 anche
1223 2062 1269 2098 piu
1289 2062 1372 2090 circo-

794 2110 882 2140 spetto
891 2105 934 2132 del
943 2105 1057 2140 bisogno
1067 2105 1093 2131 la
1108 2104 1265 2132 attribuisco
1276 2104 1372 2132 invece

795 2146 847 2173 che
866 2145 892 2173 al
907 2145 947 2182 '95
965 2145 991 2173 al
1009 2145 1120 2173 biennio
1132 2145 1240 2181 '95-96.

830 2188 872 2223 (2)
890 2187 971 2216 Nella
991 2195 1038 2215 sua
1057 2187 1172 2223 epistola
1192 2187 1370 2215 ωηατ-Ἀω-

795 2230 892 2266 brogio
915 2238 1016 2265 espone
1039 2230 1216 2258 brevemente
1238 2229 1249 2256 i
1275 2229 1370 2258 motivi

796 2273 846 2301 che
865 2273 883 2300 1’
893 2273 985 2300 hanno
1003 2272 1108 2300 indotto
1132 2272 1275 2300 scrivendo
1290 2272 1317 2300 al
1341 2273 1370 2300 S.

794 2324 810 2343 a
834 2315 946 2342 lasciare
965 2315 983 2342 il
1012 2315 1068 2342 voi
1093 2323 1140 2352 per
1164 2314 1184 2342 il
1208 2320 1258 2348 ειη
1284 2323 1300 2343 e
1318 2324 1370 2343 son

794 2357 877 2393 quelli
895 2357 947 2384 che
966 2357 973 2384 i
992 2357 1081 2384 lettori
1100 2357 1255 2385 facilmente
1274 2357 1370 2385 imma-

794 2400 954 2436 gineranno.

1462 835 1556 860 Picena,

1406 867 1431 887 ²⁴
1441 861 1506 889 Ιπεϋο
1517 862 1617 889 139999

1404 932 1435 948 m
1445 907 1504 949 aon:
1510 902 1580 949 12³·oe
1589 929 1616 949 τί·

1403 954 1488 980 chiesa,
