1682 2762
101 937 142 962 10

101 1229 138 1263 15

97 1521 142 1547 20

97 1813 139 1848 25

445 222 494 249 DI
525 222 792 252 cotuccm
824 223 1094 253 saturam.
1301 219 1367 260 647

171 358 242 382 ense
258 346 423 392 plebeium
447 358 479 382 et
497 348 674 392 ignobilem
695 349 850 384 arbitrere.
897 363 1022 391 verum,
1049 352 1209 385 carissime
1229 352 1274 385 mi
1297 353 1366 385 Do-

171 406 303 446 minice,
319 416 386 440 non
403 415 451 439 est
465 406 579 440 eadem
594 417 707 441 nature
726 409 874 442 nobilitas
893 418 926 443 et
940 409 1077 444 fortune.
1121 409 1208 454 quod
1223 409 1367 454 plebeius

170 464 216 499 sis
239 475 306 498 non
331 473 456 505 natura,
478 465 535 499 sed
557 464 686 500 fortuna
709 466 794 500 fecit.
842 479 917 508 nam
935 468 974 508 si,
994 477 1028 501 ut
1052 468 1156 512 inquit
1180 467 1322 508 Flaccus,

526 555 732 591 quadringentis
750 565 806 589 sex,
825 563 930 593 septem
950 557 1035 584 millia
1054 557 1150 590 desint,

383 603 464 631 Plebs
481 604 534 632 eris
546 604 590 632 (Ι).

169 697 323 732 naturalis
346 708 425 738 vero
447 697 609 739 nobilitas,
622 709 686 743 que
704 698 835 743 quidem
851 709 910 738 est,
930 709 966 733 ut
981 699 1132 739 diximus,
1152 699 1191 733 ad
1215 700 1364 734 virtutem

171 755 254 791 bene
280 767 298 789 a
325 765 438 790 natura
461 755 615 800 disposita
638 758 757 790 mentis
780 757 928 801 qualitas,
952 758 1021 791 sive
1045 757 1205 798 condicio,
1224 758 1311 802 quod
1335 768 1367 792 et

169 813 293 848 nantes
314 813 475 858 intelligit,
499 825 566 848 non
587 815 747 858 patricios,
771 826 836 849 non
857 825 1039 860 equestrem
1063 815 1209 849 ordinem
1234 827 1250 848 a
1274 815 1366 860 plebe

169 871 348 917 distinguit.
393 872 521 906 animus
544 872 644 913 enim,
669 882 704 906 ut
727 872 849 907 ibidem
873 873 980 907 scribit
1006 874 1151 913 Anneus,
1174 872 1250 907 facit
1275 873 1366 908 nobi-

169 930 249 965 lem:
273 930 325 964 cui
347 941 388 964 ex
411 941 603 975 quacunque
627 930 819 965 condicione
842 942 936 976 supra
956 930 1119 965 fortunam
1138 931 1212 965 licet
1227 942 1365 976 surgere.

168 988 303 1030 etenim,
325 998 362 1023 ut
384 999 459 1023 ante
482 988 616 1029 dixerat,
646 988 732 1023 bona
763 1001 856 1023 mens
880 989 1033 1024 omnibus
1056 999 1159 1035 patet3
1189 1001 1303 1023 omnes
1327 989 1366 1023 ad

169 1046 234 1083 hoc
250 1059 364 1083 mmus
383 1047 518 1082 nobiles.
565 1059 634 1082 non
648 1049 750 1082 reiicit
762 1060 949 1093 quenquam
965 1049 1170 1094 philosophia
1186 1061 1246 1083 nec
1262 1049 1363 1094 eligit;

168 1104 321 1140 omnibus
344 1104 439 1139 lucet.
496 1105 646 1150 patricius
679 1105 826 1140 Socrates
859 1117 926 1140 non
954 1106 1028 1147 fuit;
1052 1106 1227 1141 Cleanthes
1250 1117 1366 1151 aquam

168 1163 276 1205 traxit,
298 1173 331 1198 et
352 1162 490 1209 rigando
515 1163 611 1198 horto
638 1163 759 1198 locavit
790 1175 921 1206 manus;
949 1164 1119 1198 Platonem
1150 1176 1216 1198 non
1245 1165 1368 1208 accepit

168 1220 312 1257 nobilem
334 1220 550 1267 philosophia,
564 1221 621 1256 sed
645 1221 729 1256 fecit.
777 1221 837 1256 hec
852 1222 974 1256 Seneca
988 1222 1033 1256 (²).
1079 1222 1195 1267 quibus
1214 1222 1367 1256 omnibus

167 1288 273 1315 certus
288 1290 358 1314 ense
373 1289 479 1325 potes,
495 1279 564 1314 imo
587 1279 695 1321 debes,
714 1291 775 1314 nec
789 1279 908 1325 plebeis
924 1291 985 1314 nec
1000 1280 1098 1314 etiam
1113 1281 1222 1318 servis.
1247 1280 1367 1314 manci-

166 1338 229 1384 piis
246 1338 316 1373 sive
330 1338 471 1373 vernulis
494 1350 529 1372 se
550 1349 619 1372 non
643 1349 762 1384 negare
786 1338 997 1379 nobilitatem,
1016 1350 1079 1384 que
1095 1348 1143 1373 est
1158 1338 1198 1373 ad
1214 1339 1367 1373 virtutem

169 1395 254 1432 bom
268 1408 287 1431 a
302 1406 415 1432 natura
434 1398 642 1442 compositio,
661 1408 722 1431 nec
735 1408 771 1431 se
785 1409 902 1442 negare
922 1397 1085 1432 virtutem.
1132 1409 1199 1431 non
1216 1398 1314 1438 enim,
1331 1406 1367 1431 ut

166 1455 315 1491 Valerius
329 1456 444 1502 inquit,
456 1455 622 1490 fastidioso
636 1455 724 1490 aditu
744 1456 843 1490 virtus
862 1456 997 1490 excitata
1011 1455 1120 1490 vivida
1131 1456 1261 1501 ingenia
1277 1455 1317 1489 ad
1331 1467 1366 1490 se

167 1523 334 1560 penetrare
343 1514 476 1560 patitur;
488 1525 594 1559 neque
606 1513 756 1548 haustum
772 1514 822 1548 sui
833 1525 907 1548 cum
920 1514 1027 1559 aliquo
1039 1525 1247 1559 personarum
1260 1514 1367 1548 discri-

168 1573 258 1608 mine
271 1572 399 1618 largum
417 1572 640 1618 malignumve
658 1571 783 1617 prebet3
798 1572 855 1606 sed
872 1572 1024 1607 omnibus
1040 1572 1194 1618 equaliter
1211 1573 1365 1616 exposita,

166 1630 245 1677 quid
272 1631 454 1677 cupiditatis
476 1631 584 1676 potius
613 1642 711 1676 quam
745 1630 821 1676 quid
853 1630 1016 1676 dignitatis
1045 1631 1183 1664 attuleris
1222 1630 1364 1665 estimat:

167 1690 265 1736 inque
281 1699 376 1735 captu
393 1689 555 1725 bonorum
569 1701 702 1724 suorum
718 1689 774 1724 tibi
793 1689 851 1734 ipsi
866 1689 993 1734 pondus
1008 1689 1260 1723 examinandum
1274 1689 1366 1723 relin-

167 1748 292 1794 quit,ut
299 1757 457 1794 quantum
470 1748 576 1783 subire
593 1748 704 1782 animo
716 1748 914 1788 sustinueris,
922 1756 1048 1782 tantum
1062 1757 1170 1781 tecum
1186 1746 1309 1781 auferas
1320 1747 1364 1781 (³).

167 1805 284 1852 quibus
298 1806 422 1842 Senece
438 1806 620 1851 Valeriique
644 1805 750 1840 verbis
770 1805 972 1839 admonearis
995 1805 1069 1839 licet
1088 1817 1147 1839 nec
1167 1805 1287 1850 plebeis
1306 1816 1365 1839 nec

167 1865 269 1899 servis
286 1875 322 1899 se
341 1874 453 1900 nature
476 1865 689 1906 nobilitatem,
709 1864 748 1899 de
772 1875 836 1908 qua
858 1863 984 1898 locutus
1003 1874 1051 1898 est
1074 1864 1208 1904 nantes,
1228 1875 1287 1897 nec
1303 1864 1365 1897 vir-

167 1932 284 1965 tutem,
297 1935 362 1969 que
381 1923 467 1958 bona
481 1924 616 1969 qualitas
633 1923 751 1957 mentis
768 1931 827 1963 est,
843 1933 906 1967 qua
921 1931 1005 1956 recte
1021 1922 1172 1963 vivimus,
1189 1933 1251 1966 qua
1266 1932 1365 1955 nemo

168 1981 253 2016 male
275 1982 375 2016 utitur
397 1991 430 2016 et
447 1993 545 2027 quam
569 1981 658 2016 solus
682 1982 772 2015 Deus
790 1980 823 2014 in
841 1979 936 2014 nobis
952 1989 1111 2024 operatur,
1127 1989 1162 2013 ut
1180 1979 1285 2023 inquit
1298 1980 1365 2012 Au-

166 2038 263 2074 relius
277 2039 325 2082 (⁴),
339 2051 374 2074 se
389 2050 524 2086 negare3
549 2049 583 2074 ut
602 2039 666 2073 hoc
681 2050 777 2073 sensu
793 2038 880 2083 quod
895 2039 994 2072 etiam
1011 2037 1051 2071 de
1067 2037 1200 2082 captivis
1224 2036 1364 2071 adiecisti

223 2129 246 2153 7.
260 2123 327 2153 lbra
340 2128 421 2147 mn
436 2124 456 2147 ΙΙ
466 2124 518 2147 md.
532 2123 564 2146 dd
578 2123 606 2146 dt
618 2129 694 2146 aum
707 2123 764 2146 bene
779 2123 916 2144 cancellato.
991 2127 1025 2150 19.
1041 2120 1096 2144 Cod.
1111 2120 1188 2143 invida
1256 2127 1292 2143 aa.
1308 2120 1364 2143 Cod.

167 2163 270 2188 nul-u
333 2170 373 2193 2⁴.
387 2165 445 2188 cod.
459 2166 546 2187 onem
558 2168 647 2192 nee-n,
662 2164 705 2186 ene
717 2163 731 2186 e·
745 2163 784 2185 nel
796 2165 856 2186 mro
869 2162 897 2184 au
916 2161 1009 2184 Valerio
1023 2161 1054 2184 ed
1066 2161 1096 2183 Ιιο
1110 2161 1233 2190 agema»
1243 2166 1288 2190 per
1299 2162 1365 2184 enia-

167 2205 234 2229 κη·
246 2201 386 2230 ucthre-

202 2269 247 2305 (ι)
266 2268 380 2296 flou-r.
399 2269 447 2306 Ep.
467 2268 486 2302 1,
505 2275 523 2301 1,
543 2276 638 2304 57-59.
826 2267 866 2301 (3)
882 2265 926 2294 cf.
946 2265 1015 2293 Vin..
1036 2264 1114 2292 Max.
1133 2273 1177 2300 op.
1197 2264 1239 2292 cit.
1258 2264 1306 2298 111,
1326 2272 1364 2298 m,

202 2310 247 2347 (ι)
266 2310 335 2339 sim.
358 2319 404 2348 op.
423 2311 468 2339 cit.
493 2311 508 2346 ς
530 2319 541 2346 5
563 2319 579 2338 e
606 2318 637 2343 ις
660 2318 706 2337 ma
724 2309 744 2336 il
789 2314 842 2336 ext.
858 2316 882 2343 7.

167 2358 250 2386 teoto,
268 2361 289 2381 r.
311 2360 352 2386 ta,
371 2361 420 2389 per
439 2362 454 2378 ι
466 2361 523 2380 non
536 2363 551 2378 ιι
572 2352 606 2379 da
625 2361 640 2377 ι
654 2359 705 2379 nec
720 2361 745 2384 ι,
825 2350 866 2385 (4)
885 2349 928 2377 Cf.
942 2357 962 2377 s.
975 2349 1051 2376 Auo.
1064 2349 1104 2376 De
1115 2349 1158 2376 lib.
1169 2349 1259 2377 arbitr.
1272 2349 1319 2376 lib.
1330 2349 1363 2383 11,

168 2402 191 2423 r.
206 2402 239 2428 1⁴
254 2404 269 2419 ι
281 2393 424 2422 barnilo».
790 2401 845 2428 ap.
867 2399 924 2425 xxx,
944 2391 976 2427 §S
993 2399 1050 2426 5oe
1062 2399 1090 2426 51
1103 2391 1131 2418 in
1143 2391 1237 2428 Opera,
1251 2391 1270 2425 1,
1288 2390 1362 2420 1268.

1421 355 1484 376 Alii-o
1505 356 1574 376 inf-ni
1594 358 1606 376 ὲ

1407 381 1466 403 lebeo
1485 383 1510 402 ed
1527 383 1580 403 altro
1595 385 1606 403 ὲ

1402 409 1488 435 gnobile
1498 416 1504 434 ;
1519 416 1530 429 e
1541 409 1560 430 ln
1569 416 1607 430 no-

1395 436 1446 456 bilta
1474 437 1522 456 dnn
1551 437 1605 456 dall·

1394 467 1467 483 namn
1488 464 1551 483 tsine
1574 470 1606 483 ne-

1394 495 1456 510 ειιιιο
1465 496 1478 510 ι
1500 490 1555 510 uella
1569 490 1606 510 che

1395 517 1406 536 ὲ
1416 517 1472 536 dono
1499 517 1504 522 ⁹
1515 516 1605 538 forium.

1421 564 1452 585 Or
1467 564 1482 584 l'
1491 571 1547 585 esser
1565 565 1607 592 ple·

1394 591 1432 612 beo
1446 593 1458 611 ὲ
1472 598 1534 619 opert
1553 591 1607 612 deu·

1394 619 1492 644 necanda,
1503 625 1544 639 uon
1553 618 1607 639 della

1393 645 1467 672 prime.

1420 708 1450 728 La
1470 707 1550 729 nobilia
1571 714 1607 728 un-

1394 735 1460 755 tur-le
1474 742 1516 756 non
1533 735 1604 756 dintin-

1394 768 1435 808 εἰ
1452 762 1523 782 invece
1537 762 1551 782 u
1565 762 1605 794 ple-

1452 788 1485 808 dal
1503 789 1603 816 petrino:

1393 815 1419 835 ed
1440 815 1451 835 ὲ
1472 821 1545 843 questo
1568 815 1606 836 che

1395 842 1476 862 intende
1490 842 1566 867 name,
1575 842 1606 862 in-

1394 873 1438 889 teee
1452 868 1530 889 Sene<-

1393 1457 1606 1506 :02‘3571220‘21‘22

1393 1511 1455 1533 nino.

1419 1813 1478 1835 Daue
1487 1815 1559 1842 parole
1569 1815 1602 1836 de'

1392 1841 1447 1868 quali
1470 1842 1537 1862 amm-i
1557 1842 1604 1863 rile-

1393 1868 1436 1888 vui
1444 1868 1483 1888 che
1488 1868 1528 1889 an·
1536 1869 1602 1889 nobul-

1392 1895 1412 1914 ω
1421 1895 1514 1916 umal·
1521 1895 1586 1916 auehe
1595 1897 1602 1917 i

1392 1921 1458 1948 plebel
1476 1922 1501 1942 od
1522 1923 1529 1942 i
1548 1923 1602 1944 nervi

1392 1954 1484 1975 pono-o
1500 1949 1601 1976 upirmg

1391 2015 1417 2035 ne
1431 2014 1523 2036 noh-nto
1540 2016 1603 2044 quelli

1392 2041 1430 2061 ebe
1440 2041 1454 2062 ll
1465 2048 1513 2063 eno
1521 2042 1546 2063 ln
1554 2050 1602 2064 reno

1391 2068 1468 2089 ahin!
1495 2070 1515 2090 di
1543 2069 1602 2091 libe-l

1391 2095 1430 2116 ebe
1443 2102 1494 2117 ern
1507 2095 1579 2123 primo.
