1682 2762
81 389 119 409 che
140 388 224 409 nni-ebbe
242 393 296 408 nnn

81 416 216 440 disdicevoxe,
233 415 297 435 anche

84 449 106 463 te
125 443 143 463 ei
167 443 221 462 fosse
241 448 296 462 suto

83 476 119 497 per
129 470 158 490 lui
169 476 211 490 uno
221 476 297 489 scono-

83 502 157 517 aeuum.

114 523 160 543 Con
182 523 298 550 quell'nuo

84 550 104 570 di
113 550 190 570 collem
197 550 299 570 Giovnnui

85 577 112 597 ha
131 577 213 608 dunque
233 576 299 597 ofseso

85 604 207 629 l'amicffla,

85 676 104 695 le
119 675 174 703 leggi
190 675 245 696 della
255 682 299 695 cor-

85 702 136 722 «esin
155 709 166 722 e
185 702 299 722 dell'umn-

86 730 137 754 niti,
148 730 254 756 poi-gendo
266 736 299 749 oe·

86 757 169 777 cesione
193 763 205 776 a
229 757 257 776 lui
279 757 299 776 di

86 783 299 811 pentiraidell'nffetto

87 810 249 858 dimostratoqli,
279 811 300 830 di

86 843 201 884 ἔίῑῗῖῧῗέἓ
219 845 238 884 ὢ
256 844 300 885 ιῖἒζῗ

87 898 131 911 πυτ
140 892 226 912 ηιίιεῑιι
236 899 247 912 e
256 898 300 912 cor-

87 919 139 938 tesi·
149 919 252 946 mnggiori
259 919 301 939 nel-

86 947 176 967 l'nmico.

114 974 170 1001 ΕΒΗ,
180 973 302 994 ἀεΙΙίωἰεί-

88 1001 119 1021 zi·
140 1007 151 1020 e
171 1000 204 1021 del
227 1005 300 1021 mutuo

88 1028 159 1048 afferto
167 1028 251 1048 ardente
259 1028 301 1048 eul-

89 1060 143 1079 ποτε,
157 1061 238 1075 tommo
253 1055 302 1074 esti-

89 1087 168 1102 mntore
187 1081 236 1102 dell'
246 1088 302 1102 umn-

89 1110 140 1135 uita,

89 1199 154 1221 solito
175 1205 187 1219 ι
207 1204 303 1219 vener-re

88 1226 227 1248 l'erudizione
249 1232 260 1245 e
283 1225 303 1246 1·

90 1253 195 1281 benigniti
202 1252 302 1276 d'nnimo,

90 1281 117 1302 bn
131 1286 210 1307 sempr:
222 1284 303 1299 cereno

91 1306 303 1328 di'monrnnidevoto

91 1342 103 1355 ι
109 1335 142 1355 chi
148 1334 184 1354 uli
192 1334 250 1361 pregi
257 1340 304 1360 pos-

91 1362 184 1386 aede-§tq

92 1442 217 1463 nesoltnnto
236 1440 304 1461 unndo

91 1470 131 1490 essi
162 1469 221 1501 splen
236 1474 304 1488 essem

93 1497 179 1517 immuni
187 1496 212 1515 da
217 1495 264 1519 vizi,
272 1501 305 1514 mn

92 1523 166 1551 qunnd'
177 1522 242 1543 anche
280 1522 306 1542 dn

92 1551 158 1578 questi
175 1549 306 1570 rinultmero

93 1578 114 1598 in
135 1577 220 1604 qualche
242 1576 305 1596 modo

93 1604 208 1625 muchium.

126 2101 192 2128 Supra
202 2101 252 2128 ogni
267 2107 312 2128 pre-

100 2129 136 2156 gio
150 2129 184 2155 poi
198 2128 225 2148 lu
238 2132 312 2147 tenum

101 2162 180 2182 sempre
187 2155 207 2175 in
212 2155 313 2175 altissima

100 2183 245 2202 ammiratione
253 2181 312 2202 l’elo-

101 2215 187 2237 quenzn,

327 251 392 292 506
750 256 1094 285 EPISTOLARIO

328 383 416 428 quod
440 383 478 417 ab
502 383 557 417 illo
594 383 691 428 longe
716 382 859 423 discedit,
883 382 1026 417 notum?
1084 381 1232 416 decuitne
1267 383 1311 415 sic
1336 393 1430 427 agere
1454 393 1529 416 cum

328 441 511 475 addiscendi
537 441 654 486 cupido
690 441 881 482 studiosum,
917 453 992 475 cum
1017 440 1215 475 eruditorum
1239 441 1360 474 cultore
1392 441 1529 485 peritum

327 509 359 533 et
383 500 520 544 denique
542 511 616 533 cum
630 499 770 533 'homine
790 499 986 534 hominem?
1032 499 1143 540 lesisti,
1166 500 1212 533 mi
1231 499 1404 540 Iohannes,
1424 500 1457 533 in
1470 499 1531 534 hac

327 567 381 591 tua
407 558 629 602 denegationis
664 558 807 592 novitate
831 559 898 591 sive
935 557 1125 592 turbationis
1161 566 1244 599 actu,
1269 558 1295 591 si
1328 558 1444 599 nescis,
1467 569 1531 602 qua

327 616 424 650 nichil
447 617 480 650 in
504 616 688 650 mortalium
713 616 866 650 societate
891 616 1030 650 divinius
1060 626 1118 658 est,
1145 616 1336 656 amiciciam,
1368 615 1531 650 offendisti

327 674 544 715 dilectionem,
569 674 698 708 violasti
734 675 899 715 noticiam,
933 675 1079 719 peritiam
1114 674 1274 708 evacuasti
1309 683 1399 707 tuam
1431 682 1463 707 et
1492 673 1531 707 ab

327 733 534 766 humanitatis
558 732 668 767 officio
692 733 873 766 discessisti.
919 732 1035 777 quibus
1059 731 1185 766 efficere
1210 741 1344 766 conatus
1370 743 1405 766 es
1436 741 1482 773 ut,
1504 732 1531 766 si

326 790 394 825 fieri
418 789 458 824 de
486 802 540 824 me
563 799 683 835 posset,
707 791 887 825 amiciciam
912 790 1070 832 deseram,
1094 790 1275 824 dilectionis
1307 789 1415 834 pigeat
1442 789 1532 834 peni-

329 858 458 894 teatque
477 850 596 884 noticie
621 860 653 883 et
671 849 770 890 illam,
794 861 858 895 qua
882 850 1004 884 cunctis
1028 858 1160 894 prestas,
1185 849 1399 883 eruditionem
1424 848 1532 882 flocci-

327 908 468 954 pendam
492 919 523 943 et
547 909 580 942 in
604 918 646 950 te,
670 920 745 942 cum
769 908 871 942 homo
896 909 950 950 sis,
973 909 1135 953 requiram
1159 917 1190 942 et
1214 907 1395 942 desiderem
1417 906 1533 942 huma-

328 968 473 1001 nitatem.
514 979 577 1011 ego
590 967 635 1001 sic
650 979 778 1012 semper
791 967 890 1000 michi
910 967 1053 1011 persuasi
1068 966 1167 1001 nichil
1186 966 1331 1000 amicicia
1345 965 1532 1010 preciosiuS,

329 1025 426 1059 nichil
456 1025 674 1060 benivolentia
708 1025 842 1066 dulcius,
868 1025 966 1060 nichil
998 1025 1172 1059 dilectione
1206 1024 1337 1059 suavius
1371 1023 1533 1069 nichilque

330 1085 451 1129 gratius
466 1085 586 1118 noticia
601 1085 796 1129 peritorum3
816 1084 914 1118 nichil
928 1085 995 1129 ipsa
1010 1084 1121 1129 peritia
1141 1083 1255 1117 clarius
1278 1094 1339 1117 nec
1362 1082 1534 1128 quicquam

331 1143 475 1177 hominis
507 1143 611 1187 magis
641 1154 710 1176 esse
742 1143 907 1187 proprium
943 1142 1162 1184 humanitate;
1193 1151 1225 1176 et
1254 1141 1296 1176 ob
1326 1141 1360 1176 id
1390 1142 1534 1176 amicicie

330 1201 414 1236 fidus
440 1201 552 1243 cultor,
578 1201 793 1235 benivolentie
817 1210 952 1242 amator,
977 1200 1158 1235 dilectionis
1177 1200 1446 1242 accuratissimus,
1463 1211 1534 1234 eru-

333 1260 474 1294 ditorum
498 1269 680 1301 venerator,
711 1260 820 1304 peritie
855 1271 963 1304 preco,
995 1259 1142 1294 laudator
1165 1259 1385 1300 humanitatis,
1409 1269 1534 1298 eorum,

331 1330 413 1364 quos
437 1320 533 1352 mites
556 1318 760 1363 reppererim,
777 1318 989 1352 amicissimus
1013 1329 1140 1362 semper
1163 1317 1224 1359 fui;
1249 1317 1373 1363 hecque
1397 1328 1536 1362 semper,

333 1377 775 1427 ubicunque-conspexerim,
810 1376 932 1410 nedum
955 1386 1127 1410 veneratus
1158 1388 1244 1417 sum,
1274 1375 1331 1410 sed
1359 1375 1535 1410 affectuose

333 1435 437 1471 dilexi.
485 1447 546 1469 nec
564 1435 682 1476 solum,
707 1435 814 1470 minus
838 1445 923 1469 recte
947 1434 1067 1476 forsan,
1091 1447 1128 1469 ea
1150 1435 1176 1468 si
1200 1446 1279 1479 pura
1302 1443 1378 1468 sunt
1397 1434 1538 1468 admiror

333 1503 365 1528 et
388 1494 497 1539 diligo,
533 1493 589 1528 sed
613 1495 709 1528 etiarn
733 1495 759 1528 si
782 1495 867 1528 vitiis
901 1495 1058 1538 permixta
1081 1503 1178 1534 sunt;
1203 1505 1264 1527 nec
1298 1502 1426 1527 tantum
1449 1492 1536 1526 vitiis

333 1551 490 1594 offendor,
506 1553 585 1597 quin
605 1564 642 1586 ea
662 1553 714 1586 vel
733 1553 815 1586 inter
838 1552 906 1586 illas
926 1552 1079 1592 maculas,
1098 1563 1161 1596 que
1184 1552 1268 1586 vitiis
1293 1561 1389 1596 atque
1412 1551 1536 1585 vitiosis

332 1611 492 1652 inherent,
525 1610 682 1645 excolam.
738 1610 914 1655 plurimum
949 1611 1037 1644 enim
1074 1609 1217 1644 delector
1251 1609 1301 1643 his
1335 1609 1391 1644 ubi
1423 1618 1538 1644 cuncta

332 1669 513 1714 splendent,
537 1669 677 1703 multum
710 1668 764 1703 ubi
796 1669 937 1714 quedam
961 1678 1131 1713 apparent3
1155 1680 1216 1703 nec
1241 1679 1384 1713 unquam
1408 1667 1538 1715 neglexi

333 1739 394 1762 nec
418 1727 583 1772 negligam
607 1727 704 1761 etiam
729 1727 782 1761 ubi
807 1728 1036 1772 conspexerim
1060 1727 1177 1761 horum
1201 1738 1314 1760 unum.
1356 1735 1461 1771 preter
1478 1737 1538 1760 no-

334 1787 456 1827 ticiam,
472 1798 535 1831 que
555 1785 629 1819 licet
649 1786 867 1820 curiositatem
887 1785 1014 1830 expleat
1033 1785 1220 1826 intellectus,
1236 1784 1406 1830 aliquando
1428 1793 1538 1818 nmen

336 1845 406 1890 plus
430 1845 586 1889 ingeritur
608 1856 706 1889 quam
732 1856 813 1889 opus
836 1845 876 1878 sit
899 1844 1152 1889 intelligentibus
1176 1853 1208 1878 et
1225 1843 1411 1886 intellectis3
1430 1842 1539 1888 quales

337 1914 413 1938 sunt
436 1903 475 1937 de
500 1915 640 1948 quorum
663 1904 839 1948 quoppiam
855 1903 1016 1948 Tragicus
1035 1903 1092 1937 ait:

729 1976 787 2008 Qui
806 1982 884 2003 notus
902 1976 983 2003 nimis
1002 1976 1130 2003 omnibus

728 2024 842 2060 Ignotus
861 2026 976 2051 moritur
994 2024 1045 2051 sibi
1055 2024 1104 2058 (¹);

339 2103 443 2126 unum
463 2100 520 2132 est,
544 2090 632 2136 quod
656 2103 711 2125 me
735 2103 861 2136 semper
883 2091 963 2125 ultra
978 2091 1114 2125 modum
1138 2091 1252 2136 rapuit,
1275 2090 1364 2136 quod
1382 2091 1415 2124 in
1431 2100 1463 2124 te
1482 2099 1541 2131 est,

339 2151 470 2184 scientie
495 2150 587 2194 copia
619 2161 694 2184 cum
718 2150 875 2194 elegantia
898 2149 1110 2195 facultateque
1134 2149 1271 2184 dicendi.
1317 2160 1385 2183 non
1408 2158 1540 2194 possum

393 2247 418 2267 4.
433 2239 470 2262 Me
485 2239 572 2262 nescias
645 2246 667 2268 5.
682 2238 712 2261 l)
722 2238 755 2262 N‘
771 2238 870 2262 amicitia
950 2239 971 2262 6.
987 2238 1020 2261 N¹
1035 2243 1098 2262 tuam
1112 2245 1176 2261 evnc.
1261 2244 1296 2267 15.
1311 2236 1341 2260 l)
1351 2237 1389 2260 ue
1402 2243 1447 2260 em.
1463 2236 1539 2260 beniv.

343 2280 374 2302 16.
389 2278 419 2301 Ι)
429 2279 466 2301 Me
479 2286 602 2308 eorumque
656 2286 732 2302 20-21.
746 2278 776 2301 Li
786 2279 822 2301 Me
835 2280 874 2302 off.
889 2279 930 2301 vit.
990 2285 1028 2308 23.
1045 2278 1075 2301 Ι]
1085 2279 1122 2301 Me
1136 2278 1268 2306 splendeant
1325 2283 1365 2305 24.
1380 2277 1418 2299 Me
1432 2281 1539 2306 propter,-

341 2327 380 2343 ma
395 2320 578 2348 l'emendazione
591 2326 635 2342 sua
650 2324 696 2342 non
710 2320 784 2349 giova
795 2327 810 2342 a
820 2319 914 2342 chiarir
922 2322 1004 2348 questo
1013 2320 1096 2348 luogo,
1107 2319 1148 2342 clue
1162 2319 1197 2340 mi
1208 2318 1301 2340 rimone
1314 2323 1405 2340 onemo.
1460 2323 1498 2346 ²5·
1509 2315 1541 2339 1)

341 2360 377 2382 Me
393 2360 461 2382 intell.
476 2360 535 2389 expl.
590 2360 627 2382 26.
645 2359 678 2382 N¹
693 2361 809 2389 ingeratur
862 2361 900 2383 28.
917 2361 953 2382 Me
968 2360 1019 2389 quis
1074 2366 1111 2390 ²9-
1127 2358 1161 2382 ΝῘ
1177 2359 1219 2381 sibi
1234 2365 1293 2382 mor.

378 2438 421 2473 (1)
441 2439 507 2466 Suu.
528 2439 604 2475 Trag.
619 2439 762 2476 Thyest.
783 2447 918 2474 401-402.

1564 913 1604 937 10

1565 1204 1605 1238 15

1564 1495 1607 1520 20

1565 1789 1607 1824 25

1569 2095 1611 2128 30
