1682 2762
104 871 144 896 10

101 1176 138 1209 15

97 1496 139 1520 20

95 1754 136 1788 25

450 186 498 213 nl
528 186 794 215 COLUCCIO
826 187 1096 215 sALuTAT1.
1305 189 1363 222 173

175 322 257 355 quos
275 319 383 344 tamen
403 320 528 345 constat
546 312 649 345 cultus
664 321 746 346 terre
761 312 1014 347 studiosissimos
1033 313 1140 347 fuisse.
1187 324 1260 347 mos
1279 313 1366 357 equi·
1393 319 1606 366 3350932325333

175 367 250 402 dem
273 377 340 402 tam
355 368 477 403 Lucani
492 381 590 413 quam
609 370 746 403 aliorum
766 381 932 414 poetarum
954 380 1002 405 est
1020 371 1073 404 tali
1093 370 1192 404 modo
1211 370 1366 415 loquendi
1392 373 1512 427 ggnfffl
1538 378 1606 394 “²⁸⁸⁰

173 436 241 458 non
264 426 502 469 possessionem
524 426 643 467 solum,
666 427 724 460 sed
746 438 831 461 recte
854 428 1035 473 significare
1055 428 1152 462 simul
1175 428 1272 462 etiam
1290 439 1366 472 pos-

173 494 344 524 sessorem,
357 484 426 517 imo
440 485 486 518 rei
510 484 549 518 de
567 496 630 528 qua
646 494 796 519 tractatur
818 497 912 520 usum
926 495 958 520 et
973 487 1159 520 exercitium
1179 485 1364 520 habentem.

171 541 217 574 sic
240 541 273 574 in
300 542 434 576 tertio
460 542 690 587 intelligimus:

383 618 492 646 Celsior
509 625 537 646 at
555 619 660 647 cunctis
676 619 751 647 Bruti
766 620 882 656 pretoria
898 620 1003 656 puppis,

381 666 544 694 Verberibus
562 667 633 695 senis
651 668 740 703 agitur
751 668 794 695 (¹).

170 753 227 787 per
248 742 380 786 puppim
394 738 535 787 ‘q‘uidem
558 743 657 783 Bruti,
673 754 741 777 non
760 755 864 784 suam,
880 756 948 778 non
966 744 1026 778 sibi
1041 744 1226 788 deputatam
1245 743 1363 784 solum,

170 798 227 833 sed
250 800 283 833 in
306 811 367 845 qua
390 801 505 835 Brutus
528 801 737 845 personaliter
760 811 835 843 erat,
860 802 900 836 de
923 813 1027 847 quave
1051 802 1255 846 depugnabat
1279 802 1364 835 desi-

169 856 262 901 gnari
281 867 403 890 certum
427 867 484 891 est.
531 858 618 903 quid,
638 858 815 893 cumidem
838 869 949 893 auctor
971 859 1079 893 scribit
1101 860 1134 892 in
1158 859 1361 903 septimo:

380 934 416 961 Di
430 934 479 961 tibi
489 943 544 962 non
558 941 686 969 mortem,
695 945 748 972 que
759 937 863 964 cunctis
873 945 942 972 pena
953 943 1070 972 paratur,

380 982 435 1010 Sed
444 991 554 1010 sensum
564 990 624 1020 post
636 983 691 1011 fata
700 990 746 1012 tue
755 985 828 1019 dent,
839 985 972 1018 Crastine.
983 986 1074 1021 morti,

381 1031 467 1059 Cuius
485 1038 555 1060 torta
569 1041 652 1060 manu
667 1034 805 1061 commisit
818 1034 912 1062 lancea
923 1034 1025 1061 bellum
1034 1034 1082 1067 (²)·,

167 1106 455 1152 intelligendumne
478 1118 543 1142 est:
569 1110 657 1144 cuius
680 1110 790 1144 lancea
815 1120 898 1144 torta
917 1122 1014 1144 manu
1034 1111 1198 1144 commisit
1222 1110 1338 1145 bellum
1346 1121 1356 1149 ;

169 1174 210 1197 an
232 1164 353 1208 potius:
373 1167 463 1200 cuius
485 1177 584 1200 manu
607 1176 690 1201 torta
712 1167 821 1201 lancea
845 1167 964 1202 bellum
992 1168 1183 1202 commisit?
1228 1178 1260 1202 et
1282 1180 1360 1213 poe-

168 1229 272 1255 tarum
290 1223 438 1268 princeps
457 1224 518 1257 ait:
1387 1233 1407 1253 di
1421 1231 1516 1260 Virgilio.

381 1298 455 1326 Nam
473 1299 531 1332 tibi,
549 1299 700 1336 Thymbre,
719 1307 800 1337 caput
813 1300 962 1328 Evandrius
975 1301 1084 1328 abstulit
1099 1301 1170 1329 ensis
1181 1301 1224 1329 (3).

167 1383 278 1407 nonne
290 1373 500 1419 intelligimus
513 1387 570 1420 per
588 1375 785 1410 Evandrium
804 1387 926 1418 ensem,
945 1376 1100 1421 quoniam
1116 1377 1356 1421 possessionem

166 1441 225 1475 pro
243 1432 464 1476 patronymico
483 1433 676 1478 quandoque
691 1434 769 1478 poni
789 1442 911 1468 certum
930 1443 988 1475 est,
1003 1434 1192 1476 Pallantem,
1218 1434 1357 1468 Evandri

166 1485 278 1527 filium,
293 1500 369 1523 ense
389 1499 482 1534 caput
494 1490 658 1525 abstulisse
669 1490 842 1535 Thymbri,
854 1503 921 1526 non
935 1501 1043 1526 autem
1062 1491 1201 1526 Evandri
1221 1504 1331 1526 ensem
1345 1492 1359 1526 ?

167 1545 231 1580 vidi
255 1557 318 1591 ego
334 1547 497 1589 Peneum,
516 1549 619 1593 inquit
641 1549 744 1591 Naso,
1385 1566 1396 1580 e
1410 1559 1524 1585 d'Ovfflo.

801 1614 945 1636 conantem
962 1608 1079 1636 evellere
1098 1614 1167 1636 terra

378 1650 565 1678 Glandiferam
584 1660 722 1688 quercum,
741 1660 824 1688 quam
843 1653 907 1679 dum
928 1653 1110 1689 complexibus
1130 1653 1223 1686 ambit,

378 1699 412 1726 Et
430 1701 516 1736 quatit
532 1700 586 1728 huc
602 1700 676 1734 illuc,
695 1700 880 1738 labefactaque
899 1702 996 1729 robora
1015 1701 1112 1738 pulsat,

378 1747 482 1775 Lancea
501 1749 614 1776 Pirithoi
632 1751 716 1777 costis
734 1750 858 1777 immissa
877 1751 965 1778 Petrei

376 1797 490 1824 Pectora
509 1806 572 1825 cum
590 1798 658 1826 duro
676 1798 805 1826 luctantia
824 1800 921 1827 robore
940 1799 997 1827 fuit
1005 1800 1048 1827 (4).

165 1879 198 1904 et
214 1870 286 1914 quis
309 1882 376 1904 non
399 1870 487 1905 videt
509 1870 562 1906 hic
585 1884 641 1917 per
662 1873 807 1907 lanceam
827 1874 972 1915 Pirithoi,
997 1874 1178 1908 Pirithoum
1210 1884 1355 1909 utentem

164 1927 274 1961 lancea
288 1927 434 1973 intelligi,
446 1940 512 1963 non
532 1930 665 1964 Pirithoi
677 1930 844 1965 lanceam?
888 1941 924 1965 ut
942 1931 1055 1966 eadem
1075 1933 1198 1966 ratione
1216 1944 1273 1977 per
1292 1933 1355 1967 Ca·
1382 1933 1596 1983 ssfflsshfflffl¹

164 1985 243 2019 milli
268 1997 444 2027 vomerem,
461 1987 639 2022 sulcantem
663 1988 838 2023 Camillum
853 2001 986 2024 vomere
1009 1989 1183 2024 debeamus
1203 1991 1354 2035 accipere,

215 2094 236 2115 4.
252 2088 307 2111 cod.
322 2087 368 2111 imo
382 2088 414 2111 rei
427 2089 456 2111 de
469 2096 514 2118 qua
527 2091 652 2113 secundum
666 2095 730 2115 umet
739 2098 776 2114 ex.
785 2092 880 2115 habente
908 2093 946 2115 Ho
956 2096 1046 2115 mutato
1060 2093 1195 2122 necandum,
1206 2094 1249 2115 che
1262 2094 1276 2116 ἑ
1289 2095 1355 2115 certo

164 2128 312 2150 εἴσω-ω
326 2129 421 2157 letio-e.
436 2130 461 2152 ιίι
475 2134 584 2153 metatur
592 2138 602 2158 ,·
614 2137 652 2153 na
667 2132 700 2154 ad
711 2134 768 2154 outa
781 2132 808 2154 du·
815 2133 852 2155 είὸ
866 2133 885 2155 ιἸ
898 2133 972 2162 luogo
982 2140 1026 2156 non
1034 2134 1110 2156 πίητε
1118 2133 1160 2155 ben
1170 2134 1254 2156 εΙιίανο
1261 2141 1270 2160 ;
1286 2133 1353 2158 rone

164 2173 248 2190 manea
256 2169 356 2196 qualche
365 2170 460 2198 par-ola.
517 2177 538 2199 7.
549 2170 604 2194 eod.
615 2170 676 2194 sevi·
732 2178 765 2194 ιι.
776 2172 831 2196 eod,
841 2172 872 2195 dil
930 2179 964 2202 ¹9.
975 2172 1031 2196 cod.
1041 2173 1197 2202 patronomieo
1251 2179 1285 2197 π.
1297 2173 1353 2196 cod.

163 2210 246 2230 tunm
299 2213 336 2236 ²5.
352 2208 408 2232 ΟΜ.
422 2208 524 2238 peritii->y
537 2216 551 2232 e
564 2211 615 2233 emi
628 2211 704 2234 anche
717 2213 788 2234 nouo.

198 2294 242 2329 (1)
260 2294 330 2323 Luc.
349 2295 438 2324 Pbars.
456 2297 503 2330 111,
524 2298 638 2333 535-36.
816 2301 859 2336 (3)
878 2301 967 2329 Vno.
986 2301 1050 2329 Aen.
1069 2302 1103 2335 X,
1124 2310 1182 2338 394.

199 2337 242 2373 (ι)
261 2337 327 2366 Loc.
346 2339 390 2366 cit.
409 2339 469 2374 vn,
486 2347 603 2376 470-72.
817 2342 860 2378 (4)
882 2342 971 2371 Ovm.
990 2344 1094 2372 Metam.
1112 2344 1173 2378 ΧΠ,
1191 2352 1306 2382 ²93-97·
