1708 2774
0 485 7 721 -r-<.-—vm-.-v-=
0 444 5 459 ν.
0 408 2 410 «
0 366 4 389 *N
0 340 3 348 -

94 939 135 964 10

94 1229 130 1264 ¹5

87 1809 128 1843 25

88 2099 132 2134 30

445 275 493 303 DI
525 275 787 304 COLUCCIO
819 275 1088 304 SALUTATI.
1326 279 1360 301 11

164 402 279 436 faciem
292 400 462 435 deformat.
509 401 637 442 deinde,
651 402 742 446 quasi
762 402 877 437 mulier
892 412 946 437 aut
961 402 1081 437 femina
1100 414 1224 437 nomen
1243 402 1364 437 infame

1419 406 1458 427 Poi
1471 413 1514 427 non
1528 407 1603 440 lsdice

1406 439 1517 458 nnnnnn

1392 433 1404 453 d
1533 441 1604 462 ngue-

163 459 215 501 sit,
235 471 302 494 non
317 458 483 500 feminam,
500 471 567 494 non
582 460 751 494 mulierem
770 461 926 505 appellas3
943 461 1010 502 sed,
1031 473 1107 495 amo
1119 472 1230 502 unam,
1245 462 1362 505 inquis,
1390 467 1423 486 ‘¹³

163 529 204 551 ex
227 517 461 552 honestissimis
483 517 686 552 dominabus.
733 519 758 552 si
775 518 909 553 domina
932 528 990 560 est,
1006 531 1135 554 servum
1156 519 1270 553 habet:
1290 520 1362 564 quis

162 574 221 608 sibi
244 575 286 609 sit
316 586 427 610 servus
453 585 640 620 promptum
664 575 786 610 habeo:
811 577 1003 621 Peregrinus
1026 587 1083 611 est.
1130 589 1152 611 o
1175 587 1207 611 te
1235 577 1360 611 felicem

162 633 223 667 hac
244 634 408 676 servitute,
427 634 616 679 Peregrinel
663 634 805 669 mulieris
827 634 930 669 factus
949 647 983 669 es
1008 647 1131 677 servus,
1153 647 1216 680 que
1236 635 1362 670 homini

162 701 266 727 creata
281 691 342 727 fuit
365 693 398 727 iu
416 693 540 727 sociam
556 702 587 727 et
603 692 811 728 damnatione
826 693 1001 728 iustissima
1017 693 1130 728 tradita
1146 693 1205 728 sub
1221 693 1315 728 nobis
1330 694 1364 728 in

161 762 292 786 servam.
302 751 348 785 (ὓς
394 758 478 785 erut
492 750 664 796 aliquando
682 751 724 786 de
738 752 799 786 ista
813 760 902 796 parte
915 751 1120 794 concludam,
1142 752 1219 786 volo
1239 752 1364 786 fatearis

162 819 194 845 ω
217 821 316 844 unam
340 809 472 854 diligere
491 809 672 850 mulierem,
691 821 759 844 non
779 809 960 850 dominam,
975 821 1038 854 que
1054 809 1114 844 sub
1129 810 1188 844 viri
1207 819 1364 854 potestate

160 868 220 910 sit;
242 879 302 902 nec
319 868 422 913 ipsam
441 869 486 902 sic
502 867 586 902 male
601 880 697 903 sanus
720 868 865 909 extollas,
879 867 967 913 quod
983 868 1152 902 dominam
1177 881 1286 910 voceS,
1301 881 1364 914 que

160 926 202 961 sit
212 925 293 961 forte
305 926 493 971 cupidinum
508 937 600 961 serva
609 937 640 960 et
649 926 769 961 famula
774 939 784 968 ;
793 926 906 960 saltem
916 938 973 960 sue
987 926 1205 971 pulcritudinis
1221 928 1365 962 ministra

160 994 195 1020 et
205 984 332 1026 ancilla,
342 996 402 1030 pro
412 996 475 1030 qua
486 995 521 1019 se
538 985 639 1019 comit
648 994 680 1019 et
692 994 802 1026 ornat;
815 986 877 1025 cui,
889 985 1026 1030 quanvis
1041 994 1155 1019 nature
1170 984 1260 1019 dono
1277 985 1364 1020 ditis-

159 1043 243 1078 sima
259 1044 312 1084 sit,
326 1043 401 1077 artis
424 1042 519 1077 adicit
541 1043 695 1088 quicquid
718 1052 824 1087 potest
846 1053 878 1077 et
898 1043 1001 1077 novit.
1048 1055 1109 1078 nec
1123 1055 1197 1077 eam
1216 1043 1364 1080 ambitio-

159 1101 244 1137 siore
262 1101 404 1147 digneris
420 1101 589 1143 vocabulo,
605 1112 703 1147 quam
726 1101 886 1137 salutifere
908 1111 1017 1136 nostre
1032 1101 1157 1146 Virgini
1178 1102 1363 1136 attributum

159 1161 211 1202 sit,
223 1171 323 1206 quam
337 1160 460 1195 celestis
474 1160 527 1195 ille
542 1160 680 1195 nuncius
697 1159 823 1194 beatam
838 1161 872 1194 in
886 1159 1074 1194 mulieribus
1089 1159 1169 1194 dixit
1180 1160 1231 1202 (²);
1248 1161 1364 1206 cuique

159 1230 352 1264 responsum
374 1228 423 1253 est
445 1218 479 1253 in
501 1218 557 1252 illo
580 1218 712 1263 nuptiali
737 1219 890 1253 convivio
910 1218 976 1253 vini
996 1219 1170 1252 carentiam
1188 1219 1362 1254 indicanti:

160 1276 238 1323 quid
263 1276 304 1311 ad
333 1285 376 1317 te,
395 1276 586 1311 mulier?(³)
609 1277 724 1322 cuique
747 1276 787 1311 de
810 1275 867 1311 filii
889 1277 1039 1322 passione
1061 1276 1220 1312 laboranti
1239 1277 1361 1312 dictum

157 1334 233 1370 finit:
249 1334 375 1375 mulier,
393 1346 469 1369 ecce
484 1333 569 1370 filius
581 1344 656 1369 tuus
667 1334 712 1368 (Φ).
758 1334 898 1384 denique
917 1346 984 1369 nou
1001 1347 1074 1369 eam
1090 1335 1241 1370 omnium
1258 1335 1361 1370 hone-

158 1393 333 1428 stissimam
355 1403 419 1438 que
442 1393 553 1427 vivant
574 1393 609 1426 in
632 1392 710 1428 orbe
733 1392 831 1434 dicas,
849 1393 904 1438 qui
931 1392 1051 1427 nedum
1072 1404 1187 1428 omnes
1211 1405 1280 1428 non
1300 1405 1360 1428 no·

158 1451 252 1492 veris,
266 1462 331 1496 que
352 1451 387 1485 in
410 1449 488 1485 orbe
509 1460 597 1492 sunt,
615 1450 672 1485 sed
688 1450 839 1495 plurimas
857 1452 954 1485 etiam
973 1462 1012 1485 ex
1028 1452 1138 1496 patria,
1151 1451 1227 1486 licet
1250 1463 1361 1497 proca-

158 1510 306 1545 cissimus
327 1511 383 1552 sis,
410 1511 557 1556 ignore&
589 1509 646 1545 sed
677 1509 940 1545 honestissimam
971 1509 1059 1544 dicas
1089 1511 1252 1552 omnium,
1281 1522 1362 1555 quas

158 1569 341 1614 cognoscis.
387 1580 447 1603 nec
469 1567 503 1603 id
526 1570 676 1603 omnium
706 1569 878 1610 sententia,
903 1568 961 1603 sed
984 1567 1105 1603 iudicio
1134 1578 1260 1603 tantum
1293 1578 1362 1610 tuo,

156 1627 246 1672 quod
269 1637 372 1668 amor,
397 1627 490 1661 cuius
513 1626 641 1662 arbitrio
672 1627 796 1662 ducen‘s
827 1638 969 1672 quemve
999 1636 1034 1662 tu
1063 1627 1130 1672 ipse
1164 1625 1282 1669 fateris,
1307 1637 1361 1661 aut

157 1684 325 1730 obliquum
348 1684 424 1720 facit
454 1694 509 1719 aut
538 1684 642 1720 reddit
668 1685 807 1720 omnino
837 1695 1034 1730 suspectum.
1081 1698 1140 1720 uec
1171 1686 1360 1720 iniuriosum

157 1753 262 1789 putes,
279 1743 307 1777 si
324 1742 381 1778 tibi
399 1754 467 1779 non
486 1743 593 1779 credo.
635 1744 815 1779 amantium
830 1743 962 1789 quidem
981 1743 1091 1779 laudes
1107 1753 1139 1778 et
1153 1744 1360 1779 inimicorum

157 1801 370 1837 detractiones
385 1811 533 1848 suspecte
550 1811 626 1836 sunt
647 1811 779 1848 propter
793 1811 964 1836 moventes
980 1801 1124 1844 affectus,
1142 1802 1224 1837 sicut
1243 1814 1283 1836 ex
1302 1814 1361 1847 op-

155 1859 265 1905 posito
280 1859 581 1895 commendationes
592 1859 738 1895 hostium
748 1869 782 1895 et
795 1861 974 1895 amantium
987 1860 1226 1895 criminationes
1238 1860 1359 1895 nedum

156 1916 256 1953 fidem
279 1918 402 1954 faciunt
423 1927 554 1964 propter
576 1917 773 1953 retrahentes
791 1918 968 1964 passiones,
983 1918 1040 1953 sed
1059 1919 1250 1964 opinionem
1269 1919 1361 1964 inge-

156 1986 243 2019 runt,
256 1986 293 2012 ut
306 1977 378 2022 plus
392 1988 427 2012 re
442 1976 572 2012 subesse
587 1986 738 2023 putemus
751 1988 850 2022 quam
866 1976 970 2012 verbis
986 1988 1173 2023 expressum
1193 1977 1244 2012 sit.

223 2035 323 2070 Nunc
344 2036 385 2070 ad
408 2035 485 2070 alias
507 2036 576 2070 eius
600 2034 721 2076 laudes,
740 2047 819 2080 quas
841 2035 996 2081 predicas,
1015 2046 1095 2080 quas
1118 2036 1244 2070 utinam
1269 2047 1360 2070 veras

157 2094 239 2129 scias
262 2093 315 2129 vel
336 2093 451 2128 saltem
474 2093 629 2135 aedera,
649 2103 685 2129 ut
707 2095 740 2128 in
758 2105 866 2128 errore
889 2103 947 2129 tuo
970 2094 1152 2129 excusatior
1169 2094 1289 2135 essen,
1304 2106 1360 2129 ve-

157 2152 257 2187 niam.
312 2152 409 2187 celica
438 2151 582 2198 quidem,
609 2153 725 2198 inquis,
755 2153 837 2187 inter
863 2152 940 2187 alias
969 2162 1028 2194 est,
1055 2163 1187 2187 morum
1210 2154 1359 2187 omnium

1390 586 1433 633 ielgli
1454 587 1537 614 dunque
1552 594 1579 608 ne
1594 589 1606 608 e

1420 620 1430 633 ⁸

1431 613 1499 634 ervo?

1419 756 1517 778 Confessi
1542 757 1607 778 uuor·

1391 784 1607 809 smmumdonna,

1393 811 1431 831 che
1440 818 1482 831 non
1492 812 1503 831 ὲ
1513 812 1606 839 sipara.

1392 844 1426 858 ms
1449 838 1532 858 “hiav-
1553 838 1608 859 della

1392 866 1475 892 propr-in
1488 865 1592 890 bellsnn

1391 1049 1417 1068 ne
1442 1048 1461 1068 le
1484 1049 1607 1070 mamse-

1391 1081 1453 1094 nome
1463 1076 1497 1102 pin
1507 1075 1605 1096 subiato-

1391 1107 1416 1121 ιο
1433 1102 1452 1121 Δί
1470 1102 1540 1129 quello
1556 1103 1606 1123 Διιο

1391 1127 1604 1156 Δὶινψσαοωιὶ

1389 1344 1415 1362 ne
1425 1342 1444 1363 la
1452 1343 1499 1363 dien
1554 1350 1603 1365 oue-

1389 1375 1421 1390 su
1440 1370 1460 1390 di
1481 1376 1559 1397 quante
1574 1371 1604 1392 v!-

1389 1403 1452 1422 ναιο,

1407 2047 1432 2068 Ei
1440 2046 1540 2067 l'nfinns
1547 2047 1600 2068 inol-

1386 2079 1418 2095 ατε
1434 2074 1546 2099 misle.

157 2219 312 2245 exornata
330 2209 456 2245 decore.
501 2211 543 2245 sit
556 2210 619 2245 hoc
638 2210 801 2253 ultimum,
816 2221 853 2246 ut
869 2210 963 2246 libet:
983 2211 1118 2246 celicam
1140 2221 1250 2246 tamen
1273 2210 1360 2248 unde
1414 2248 1419 2255 ,

211 2299 658 2341 anonumum-uqa)
676 2300 808 2324 camum
826 2301 933 2324 ulcod.
1022 2306 1058 2323 ιο.
1077 2300 1134 2323 Cod.
1154 2302 1239 2323 onem
1257 2299 1360 2323 nninistn

160 2345 198 2368 ²7·
213 2339 271 2362 coae.
285 2339 352 2362 finan
433 2345 472 2370 ις.
485 2340 542 2364 Col.
556 2344 582 2364 ιι
595 2344 621 2364 nt

192 2413 237 2449 (ι)
256 2413 299 2442 Cf.
319 2413 407 2442 σακε.
424 2413 472 2447 111,
493 2414 533 2443 16.
816 2415 859 2451 (3)
876 2414 921 2444 Cf.
936 2423 959 2442 s.
972 2414 1097 2443 lemn.
1111 2414 1147 2448 11,
1161 2422 1187 2449 4.

193 2454 238 2490 (a)
256 2454 300 2484 ef.
320 2463 343 2483 s.
362 2455 433 2484 Luc.
449 2456 470 2490 1,
486 2456 526 2485 28.
815 2456 859 2492 (4)
878 2456 907 2484 S.
926 2456 1051 2485 Ioanni.
1068 2456 1144 2490 XIX,
1161 2456 1203 2485 26.
