1682 2762
95 482 154 498 tento
161 478 194 504 piu
205 477 249 501 che,
256 477 306 497 acri·

94 504 198 531 veudogli‚
214 504 231 523 si
251 505 262 523 e
279 504 307 523 al-

95 532 202 552 lent-nato
217 530 249 550 dal
263 536 307 550 cor-

94 563 150 579 totto
161 563 254 578 costume
264 564 308 577 mo-

95 586 157 605 demo
178 585 198 604 di
218 590 277 604 usare
291 583 305 603 il

95 612 142 632 voi
163 612 184 631 iu
205 617 253 631 vece
272 610 304 630 del

94 643 137 663 tu;

96 1118 118 1138 in
131 1116 159 1137 lui
175 1122 247 1144 questo
261 1116 307 1137 nolo

97 1144 126 1171 gli
134 1144 237 1190 npiacque:
249 1144 267 1164 le
276 1150 308 1164 ec-

98 1177 175 1191 cesnve
200 1171 241 1194 odi,
256 1170 308 1190 delle

98 1197 152 1224 quali
173 1198 202 1224 gli
222 1198 234 1217 ὲ
254 1202 308 1218 stato

97 1224 193 1252 prodigo;

101 1523 151 1543 eviii
179 1521 234 1542 uindi
246 1521 267 1541 in
281 1520 311 1540 fu-

101 1554 148 1569 turo
159 1548 225 1569 simile
235 1554 311 1569 errore.

127 1625 229 1645 Passanda
239 1625 258 1646 ι’
266 1625 313 1645 suoi

101 1652 170 1676 dubbi,
192 1653 203 1672 ὲ
221 1652 312 1673 d’nvviso

102 1679 139 1699 che
154 1679 231 1699 dinanzi
249 1686 261 1699 n
282 1679 313 1706 ph

103 1705 120 1725 si
139 1705 203 1726 debba
227 1706 314 1726 scrivere

103 1739 131 1756 m,
146 1739 188 1752 non
201 1739 222 1756 n.
242 1739 314 1752 secon-

103 1759 169 1779 doche
199 1759 313 1787 Ambrogio

104 1786 175 1813 opium

336 223 397 264 156
753 224 1096 253 EPISTOLARIO

334 352 448 386 debeas
472 362 538 384 non
563 360 697 393 sperare.
744 357 836 382 tuum
860 359 938 391 ergo
962 347 1003 380 sit
1026 347 1179 390 experiri3
1199 358 1310 380 meum
1339 358 1416 380 vero
1441 346 1525 380 facto

333 419 438 444 ratum
462 408 586 442 efficere
601 406 688 451 quod
708 405 878 450 spopondi.
926 405 1042 448 gratias
1063 414 1171 438 autern
1192 416 1266 448 ago,
1285 404 1374 449 quod
1397 416 1528 438 mecum

334 469 390 502 has
421 467 556 510 ineptias
579 464 694 509 quibus
723 464 823 497 effluit
848 472 996 506 corrupta
1019 462 1216 496 modernitas
1240 463 1389 496 omisisti.
1451 462 1528 507 quid

335 527 422 559 enirn
441 524 577 568 ineptius
593 534 690 567 quam
707 521 747 554 ad
766 533 868 555 unum
883 520 971 564 loqui
990 519 1095 554 verbis
1111 520 1282 564 pluralibus
1301 531 1356 564 per
1379 519 1528 564 figuram,

335 595 432 628 quam
455 582 542 616 nulla
561 581 734 615 necessitas
758 580 874 624 exigat,
899 579 992 612 sicuti
1013 578 1063 612 vel
1087 578 1126 612 ad
1150 578 1305 623 populum
1326 578 1378 612 vel
1395 578 1434 612 ad
1448 579 1529 612 mul-

331 641 503 675 titudinem
536 638 736 684 loquereris?

331 699 419 744 quod
442 699 501 732 sibi
534 699 567 732 in
601 698 665 731 suis
698 696 856 730 erroribus
880 695 1090 740 persuadent;
1114 695 1185 739 plus
1215 695 1366 729 videlicet
1395 695 1529 729 honoris

332 757 486 797 exhiberi,
510 757 536 790 si
561 755 760 789 discedentes
782 766 798 787 a
822 754 953 787 veritate
969 753 1221 798 rectitudineque
1244 753 1417 797 loquendi;
1431 764 1530 797 quam

332 816 439 849 omnis
463 814 576 859 figura,
599 814 673 846 licet
695 814 850 857 permissa
873 812 924 852 sit,
953 811 1110 855 obliquat;
1134 811 1295 855 pluraliter
1317 811 1532 856 alloquantur,

332 885 430 918 quam
454 873 481 905 si
503 871 638 905 reddant
659 869 834 904 individuis
859 870 1070 913 congruentia
1093 868 1250 902 vocabula
1273 870 1399 903 numeri
1421 869 1531 914 singu-

792 649 851 671 nec
875 638 943 670 scio
975 648 1014 670 an
1042 637 1087 671 sic
1115 636 1154 670 de
1181 636 1264 670 facili
1298 637 1529 670 convincerent

332 931 423 971 laris3
458 942 532 963 cum
561 929 658 973 longe
682 929 786 962 maior
817 929 858 962 sit
880 928 915 961 in
938 926 1079 961 monade
1102 937 1213 961 nature
1242 927 1438 972 rationisque
1461 939 1532 971 per-

333 989 429 1023 fectio
449 999 547 1032 quam
566 988 599 1020 in
614 986 858 1031 quibuscunque
878 987 1030 1027 numeris,
1055 986 1153 1019 etiarn
1176 986 1203 1019 si
1222 995 1336 1019 cuncta
1355 986 1452 1019 simul
1469 997 1532 1033 que

334 1047 396 1080 dici
419 1046 543 1080 soleant
570 1044 807 1090 aggregatis(¹).
855 1043 910 1077 sed
941 1043 1014 1078 illos
1037 1043 1255 1088 relinquamus
1279 1043 1425 1078 sensibus
1448 1044 1533 1085 suis;

335 1117 395 1139 nos
414 1105 540 1148 incepta
564 1103 615 1136 via
638 1102 735 1136 simul
759 1102 880 1136 cunctis
896 1101 1094 1146 temporibus
1118 1102 1317 1136 incedamus.
1364 1113 1467 1136 unum
1485 1110 1534 1136 est

335 1163 423 1209 quod
449 1162 656 1196 amicabiliter
686 1171 792 1195 tecum
819 1160 941 1204 loquar,
971 1159 1059 1204 quod
1086 1160 1184 1194 michi
1214 1159 1374 1204 displicuit
1403 1159 1534 1205 quodve

336 1234 389 1255 me
409 1222 479 1266 plus
495 1232 594 1265 quam
612 1229 704 1264 putes
724 1218 859 1252 offendit
866 1231 875 1259 ;
893 1218 1104 1252 immoderata
1117 1218 1237 1252 scilicet
1257 1218 1296 1252 de
1313 1230 1366 1252 me
1381 1218 1533 1260 laudatio,

336 1290 435 1324 quam
458 1279 519 1312 nisi
547 1277 725 1322 cogitarem
758 1288 798 1310 ex
830 1276 985 1316 amicicia,
1010 1287 1107 1320 quam
1134 1285 1166 1310 te
1198 1277 1384 1321 concepisse
1417 1275 1457 1310 de
1479 1287 1534 1309 me

338 1337 428 1378 dicis,
451 1337 525 1370 licet
544 1336 726 1380 incognito,
743 1335 925 1379 provenire,
944 1334 1113 1368 molestius
1137 1344 1170 1368 et
1191 1335 1299 1368 minus
1323 1334 1535 1379 equanimiter

338 1395 517 1429 tolerarem.
564 1405 652 1428 nunc
671 1403 791 1435 autem,
811 1404 887 1426 cum
906 1402 938 1426 te
953 1403 1060 1426 amare
1075 1391 1236 1437 professus
1253 1392 1326 1434 sim,
1345 1392 1434 1437 quod
1449 1403 1534 1426 erres

339 1462 370 1488 et
393 1453 425 1486 in
440 1453 503 1486 hoc
518 1451 670 1486 laudandi
684 1451 755 1496 plus
775 1463 874 1496 quam
893 1450 1004 1484 deceat
1018 1451 1163 1494 evageris
1175 1449 1282 1484 officio
1299 1462 1367 1484 non
1383 1450 1533 1485 admiror.

339 1523 415 1546 cave
438 1521 548 1545 tamen
571 1519 644 1554 post
676 1510 736 1543 hec
766 1521 808 1543 ne
838 1509 919 1542 meis
944 1508 1091 1542 laudibus
1123 1509 1298 1553 occuperis.
1355 1521 1424 1543 non
1450 1508 1534 1543 dabo

340 1570 428 1604 enim
451 1569 590 1610 veniam,
616 1567 673 1602 sed
697 1568 812 1602 debitis
836 1567 986 1601 affectum
1010 1567 1281 1612 increpationibus
1305 1567 1445 1612 agitabo.

405 1628 503 1662 Nunc
519 1626 558 1660 ad
573 1626 731 1670 postulata
744 1635 810 1666 tua,
830 1634 865 1659 ut
879 1625 937 1659 tibi
954 1636 1095 1670 paream,
1110 1636 1164 1658 me
1184 1634 1381 1659 convertam.
1428 1625 1535 1670 queris

341 1697 382 1719 an
398 1685 588 1730 nympha,
613 1685 637 1718 P
649 1684 872 1729 amphylus
890 1693 922 1717 et
940 1683 1126 1718 huiusmodi
1147 1683 1303 1717 dictiones
1321 1684 1452 1717 tertium
1471 1683 1534 1717 ele-

341 1753 488 1777 mentum
507 1742 645 1776 habeant
668 1754 702 1775 m
727 1742 779 1776 vel
801 1754 823 1775 n
847 1752 879 1776 et
901 1741 1011 1775 subdis
1034 1742 1211 1775 litterarum
1236 1740 1363 1782 faciem,
1388 1753 1463 1777 cum
1486 1753 1535 1776 se·

340 1810 455 1846 quatur
477 1814 509 1846 p,
529 1802 664 1846 primam
690 1801 816 1845 exigere
827 1801 881 1842 (²);
904 1802 978 1844 quia
993 1810 1103 1834 tamen
1122 1800 1174 1844 ph
1193 1800 1292 1834 nichil
1307 1799 1394 1834 aliud
1408 1811 1507 1845 quam
1523 1800 1540 1834 f

396 1903 419 1925 9.
434 1896 490 1919 Cod.
505 1896 564 1925 dopo
577 1895 677 1925 obliquat
690 1895 722 1918 άὰ
744 1902 796 1918 cum
815 1895 973 1924 personaliter,-
995 1896 1026 1918 ho
1042 1901 1165 1924 suppresso
1186 1902 1238 1918 cum
1252 1901 1265 1917 e
1279 1895 1398 1918 caeritum,
1415 1901 1475 1924 pes.
1492 1901 1536 1918 con

341 1937 399 1965 plur.
460 1942 495 1959 ²2.
511 1936 567 1959 Cod.
582 1939 667 1959 omette
681 1936 741 1958 euim

375 2012 419 2047 (1)
439 2012 544 2039 Cotesti
563 2012 714 2047 argomenti
731 2017 827 2038 contro
840 2010 914 2038 l’uso

341 2054 384 2080 del
402 2053 503 2089 plurale
522 2054 613 2080 hanno
628 2053 671 2089 gia
690 2053 736 2088 piu
756 2062 770 2080 e
781 2054 826 2089 piu
843 2052 915 2080 volte

339 2096 406 2123 fatto
419 2096 519 2123 ricorso
533 2102 605 2123 sotto
618 2096 643 2123 la
657 2104 743 2131 penna
756 2095 799 2122 del
812 2101 914 2128 nostro;

339 2139 363 2166 ci
390 2139 496 2166 bastera
523 2139 615 2175 quindi
634 2139 748 2165 rinviare
773 2138 825 2165 alle
850 2144 914 2165 note

339 2188 451 2217 apposte
474 2181 566 2217 all'ep.
582 2189 646 2209 vnn
664 2182 692 2208 di
711 2187 806 2217 questo
829 2181 914 2214 libro;

339 2233 364 2259 p.
384 2225 417 2259 78
436 2233 475 2260 sg.

375 2266 417 2301 (2)
434 2266 512 2299 Ecco,
528 2275 575 2301 per
590 2267 716 2301 maggior
729 2266 875 2299 chiarezza,
889 2266 915 2293 le

339 2308 428 2342 parole
447 2317 498 2335 con
518 2309 561 2335 cui
580 2309 840 2344 maestr’Ambrogio
860 2317 915 2335 ma-

339 2349 432 2376 nifesta
446 2350 454 2376 i
469 2351 527 2376 suoi
541 2350 635 2383 dubbi;
655 2359 713 2377 esse
726 2359 860 2377 varranno
875 2350 912 2377 in-

338 2392 422 2418 sieme
441 2401 455 2418 a
474 2392 520 2418 dar
539 2394 634 2427 saggio
661 2393 703 2419 del
723 2401 773 2420 suo
793 2393 913 2428 pessimo

960 2010 1033 2038 stile:
1049 2020 1063 2035 α
1071 2010 1255 2038 Considernus
1265 2011 1338 2046 quod
1347 2011 1429 2038 unico
1438 2011 1536 2038 intuitu

962 2063 975 2078 «
990 2053 1062 2080 dabis
1088 2059 1130 2080 tot
1155 2053 1241 2080 dubiis
1266 2053 1440 2086 medicinam,
1463 2053 1536 2080 aliud

962 2106 976 2122 «
992 2096 1072 2123 cessit
1091 2104 1124 2122 ex
1143 2095 1235 2122 multis
1253 2096 1326 2132 quod
1341 2095 1435 2123 fuisset
1448 2096 1536 2131 potius

962 2149 976 2164 «
993 2138 1190 2174 grammaticali
1213 2138 1311 2165 baculo
1333 2138 1536 2174 corrigendum3

961 2191 975 2206 «
989 2182 1036 2209 sed
1056 2188 1158 2217 quanto
1183 2181 1328 2208 minimum
1353 2186 1429 2208 tanto
1447 2182 1536 2217 magis

962 2234 976 2248 or
989 2224 1116 2250 ruborem
1130 2223 1226 2250 incutit
1242 2223 1408 2258 ignoratum.
1445 2229 1472 2250 et
1483 2222 1535 2250 hoc

961 2266 1043 2293 «tale
1062 2267 1228 2294 decernitur:
1249 2275 1284 2293 an
1302 2267 1330 2293 in
1348 2266 1400 2293 hac
1419 2265 1535 2293 dictione

962 2319 976 2334 α
991 2309 1118 2335 cuncta
1144 2316 1158 2335 c
1183 2308 1279 2335 debeat
1302 2308 1438 2343 interponi
1455 2314 1483 2334 et
1500 2316 1535 2334 an

960 2360 974 2375 ε(
988 2350 1220 2385 Amphitrion
1254 2350 1297 2376 vel
1326 2349 1534 2385 Pamphilus

961 2402 976 2418 ι(
989 2398 1016 2419 et
1035 2392 1191 2420 consimiles
1210 2401 1256 2428 per
1279 2401 1296 2419 n
1317 2398 1363 2419 aut
1380 2400 1428 2428 per
1445 2400 1474 2418 m
1491 2391 1535 2419 de-

1563 875 1602 900 10

1565 1169 1601 1202 ¹5

1563 1459 1605 1483 20

1563 1748 1603 1782 25
