1682 2762
194 799 285 823 fii-eme,

130 832 143 852 ⁴
157 826 258 846 dicembre
275 832 324 852 1402
335 826 346 846 P

158 866 180 886 Si
202 866 252 886 nile
278 873 289 887 ι
312 873 346 887 ve-

132 893 198 913 dendo
217 894 238 913 in
268 894 288 914 ui
300 898 346 914 tan-

131 919 221 940 t’nrdore
226 927 261 947 per
267 920 296 948 gli
303 926 345 941 stu-

131 947 151 966 di
170 947 270 968 leuen-nri.
300 947 346 968 Ove

130 974 223 1022 32:122*ss
236 974 346 1029 {³333}ss

799 237 1147 266 EPISTOLARIO

946 462 1005 496 ΙΙΙ.

505 547 534 579 A
559 546 742 579 Lonov1co
768 556 868 579 mmm
893 547 1037 579 Αιιῡοει
1062 556 1204 580 sumone
1228 545 1382 580 n’IuoLA
1398 545 1445 578 (¹).

427 631 483 667 [L3‚
504 640 526 659 c.
548 632 621 665 2813;
640 631 721 663 N¹,c.
741 639 769 667 55
782 640 816 664 A}
836 631 948 666 Manus,
967 640 1022 667 par.
1042 631 1063 665 1,
1078 640 1121 668 ep.
1139 639 1198 662 xxx.
1217 639 1262 668 pp.
1281 631 1396 663 82-ror‚
1415 631 1448 658 da
1468 630 1526 666 u]

589 717 768 763 Magnifice
792 717 928 752 domino
948 717 1117 752 Ludovico
1141 717 1182 752 de
1206 717 1357 751 Alidosiis

838 777 943 811 Imole
966 776 1112 811 domino.

375 871 632 958 Cumiacli,
653 866 972 911 magnificentissime

474 934 614 959 terarum
633 924 736 959 studia
755 926 920 970 suspirare.

996 866 1140 907 domine,
1156 866 1244 911 quod
1267 875 1299 900 te
1324 866 1451 900 videam
1471 865 1511 900 ad
1529 865 1577 900 lit-

968 937 1035 959 non
1055 926 1156 966 enim,
1171 926 1197 959 si
1215 925 1339 970 placere
1360 925 1501 970 ceperint
1515 924 1576 959 hec

373 984 532 1018 nobilibus
558 984 610 1018 vel
631 984 876 1029 quibuscunque
900 983 1093 1029 principibus
1116 983 1201 1018 orbis
1225 993 1317 1024 terre,
1347 993 1458 1018 metuo
1481 982 1576 1018 finale

426 1099 451 1119 4.
467 1091 522 1114 Coei
538 1090 570 1113 N¹
582 1099 589 1118 ‚¹
604 1090 677 1113 &Me
693 1092 789 1114 Domino
805 1091 923 1114 Lodovico
937 1091 965 1113 de
979 1090 1090 1113 Alidosiis

408 1184 451 1219 (ι)
467 1183 639 1211 Toccammo
653 1184 697 1220 gia
710 1183 766 1218 (lib.
780 1183 855 1216 VIII,
865 1192 907 1219 ep.
918 1191 951 1216 v;

373 1226 407 1259 ΙΙ,
429 1226 490 1261 381)
510 1225 581 1252 della
597 1225 718 1252 naturale
736 1225 913 1252 inclinazione
925 1225 952 1252 di

374 1268 516 1295 Lodovico
535 1268 640 1295 Alidosi
656 1276 703 1303 per
716 1268 752 1303 gli
767 1269 861 1294 umani
871 1268 951 1300 studi,

374 1311 425 1338 che
450 1310 641 1337 fomentarono
660 1311 687 1336 in
706 1310 743 1336 lui
762 1318 848 1337 ancor
867 1309 951 1345 giovi-

373 1359 448 1380 netto
462 1353 470 1379 i
486 1353 546 1379 suoi
562 1353 714 1388 precatori,
724 1352 769 1379 nel
780 1360 895 1379 numero
908 1352 951 1379 dei

373 1395 444 1431 quali
465 1401 590 1431 potremo
611 1394 682 1422 forse
701 1396 803 1431 riporre
820 1396 876 1422 cosi
887 1394 951 1430 quel

374 1443 492 1465 maestro
504 1437 634 1470 Simone;
654 1443 771 1464 onorato
781 1437 807 1464 di
818 1437 890 1473 elogi
906 1437 951 1464 dal

373 1481 468 1514 S.,che
475 1489 530 1507 non
538 1481 651 1507 sarebbe
659 1481 772 1507 assurdo
783 1480 951 1507 identificare

372 1525 416 1551 col
433 1523 558 1556 Serdini3
578 1532 659 1550 come
679 1523 742 1559 quel
758 1522 898 1550 Venanzio
918 1523 950 1550 da

372 1566 530 1599 Camerino,
543 1566 595 1593 che
610 1566 637 1593 in
647 1574 732 1593 nome
743 1565 787 1592 del
796 1566 891 1600 signor
899 1574 950 1592 suo

370 1609 421 1636 die’
438 1618 484 1645 per
500 1609 524 1636 le
540 1609 608 1636 rime
617 1609 734 1644 risposta
747 1609 780 1635 ad
797 1617 832 1635 un
849 1608 951 1635 medio-

371 1660 415 1679 cre
423 1657 529 1678 sonetto
537 1652 578 1678 del
590 1651 735 1678 Sacchetti.
766 1650 906 1686 All'opera
915 1650 950 1677 da

371 1701 481 1721 costoro
498 1695 643 1729 intrapresa
659 1694 728 1720 erasi
745 1694 880 1721 associato
897 1702 949 1720 con

369 1742 504 1772 trasporto
516 1735 664 1768 Coluccio;
676 1745 691 1762 e
701 1741 795 1771 questa
805 1735 887 1770 lunga
897 1735 950 1771 epi-

369 1779 449 1812 stola,
468 1779 495 1804 in
515 1778 558 1805 cui
571 1778 626 1814 egli
641 1778 664 1805 si
677 1780 691 1805 ὲ
707 1778 827 1813 piaciuto
839 1778 879 1805 sar
889 1786 949 1805 mo-

369 1828 423 1848 stra
437 1829 452 1847 a
467 1821 615 1856 vantaggio
629 1820 672 1847 del
688 1821 808 1856 principe
823 1820 849 1847 d’
861 1820 948 1848 Imola

369 1864 396 1891 di
415 1869 485 1890 tutto
505 1863 524 1890 il
539 1869 628 1890 tesoro
641 1863 710 1890 della
721 1872 768 1890 sua
782 1863 864 1899 lunga
876 1873 949 1899 espe-

368 1907 459 1933 rienza
478 1907 505 1933 in
524 1906 590 1933 fatto
609 1906 636 1933 di
655 1906 773 1933 dottrine
792 1908 949 1942 grammati-

370 1949 422 1976 cali
441 1958 455 1976 e
475 1949 619 1981 retoriche,
638 1957 668 1975 ce
687 1957 721 1975 ne
741 1957 826 1985 porge
842 1949 886 1975 un’
895 1950 949 1976 elo-

369 1993 546 2029 quentissima
562 2000 653 2028 prova.

404 2035 544 2070 Riguardo
555 2034 581 2061 al
591 2041 683 2070 tempo
693 2035 720 2061 in
731 2035 775 2061 cui
785 2043 844 2062 essa
855 2037 869 2062 ὲ
879 2042 947 2063 stata

368 2078 460 2105 scritta
476 2077 521 2113 piu
539 2085 601 2104 cose
611 2085 679 2104 sono
695 2077 728 2103 da
738 2079 887 2105 osservare
924 2078 949 2106 11

369 2121 453 2156 luogo
465 2120 516 2147 che
527 2128 633 2156 occupa
642 2120 670 2146 in
681 2119 733 2147 due
749 2120 846 2153 codici,
856 2121 865 2147 i
875 2121 949 2157 quali

367 2172 424 2190 non
437 2169 608 2198 contengono
622 2162 735 2198 epistole
745 2162 788 2190 del
798 2169 892 2190 nostro
902 2172 948 2199 po-

367 2206 471 2233 steriori
487 2205 542 2242 agli
560 2206 624 2232 anni
642 2205 807 2242 1398-1399,
820 2215 920 2242 pareva
932 2215 947 2234 a

367 2255 434 2276 tutta
453 2249 540 2284 prima
559 2249 708 2284 obbligarci
724 2257 739 2276 a
752 2249 877 2276 ritenerla
889 2249 947 2276 det-

367 2299 421 2320 tata
441 2298 560 2328 appunto
579 2293 607 2319 in
627 2292 689 2328 quel
708 2298 788 2319 torno
804 2293 830 2319 di
843 2298 947 2328 tempo.

367 2335 412 2361 Ma
421 2341 516 2362 contro
525 2334 624 2361 siffatta
636 2333 830 2370 assegnazione
842 2334 863 2361 s’
870 2334 947 2361 eleva

367 2377 387 2404 il
406 2378 434 2405 S.
454 2384 550 2411 stesso,
568 2377 587 2404 il
606 2377 695 2413 quale,
719 2377 834 2404 laddove
853 2386 947 2404 racco—

368 2421 468 2447 manda
494 2420 520 2447 al
539 2421 649 2456 signore
668 2420 792 2448 d'Irnola
821 2421 848 2447 di
867 2429 945 2456 porre

1145 1090 1168 1113 8.
1183 1089 1216 1113 N¹
1231 1092 1316 1112 omeue
1332 1090 1366 1112 vel
1410 1090 1447 1113 Me
1460 1090 1548 1113 finalem

998 1183 1064 1218 ogni
1092 1191 1140 1210 sua
1169 1191 1233 1210 cura
1257 1183 1301 1210 nel
1321 1191 1436 1218 purgare
1459 1183 1469 1210 i
1486 1183 1576 1220 propri

995 1225 1080 1252 scritti
1100 1225 1172 1259 dagli
1191 1225 1276 1252 errori
1295 1225 1320 1251 d'
1329 1224 1485 1260 ortografia‚
1509 1234 1576 1253 con-

994 1267 1065 1295 fessa
1075 1267 1125 1294 che
1134 1267 1275 1303 malgrado
1288 1277 1302 1292 α
1309 1267 1501 1303 quarantasei»
1510 1267 1576 1295 anni

994 1310 1019 1336 d'
1031 1310 1138 1336 assidua
1153 1309 1347 1345 applicatione,
1358 1309 1412 1345 egli
1421 1315 1509 1337 stesso
1518 1317 1575 1337 non

995 1360 1078 1378 aveva
1098 1359 1197 1378 ancora
1217 1357 1313 1387 potuto
1327 1351 1463 1378 sradicare
1478 1351 1574 1379 intera-

993 1401 1084 1421 mente
1109 1393 1133 1421 le
1152 1394 1251 1420 viziose
1280 1394 1412 1421 abitudini
1439 1400 1575 1422 contrane

993 1435 1057 1463 nell’
1067 1435 1253 1462 adolescenza.
1292 1435 1349 1463 Ora
1363 1442 1467 1463 coteste
1480 1436 1574 1472 patule

994 1479 1019 1505 di
1028 1479 1164 1506 Coluccio
1175 1479 1392 1514 corrispondono
1398 1485 1575 1507 esattamente

993 1531 1008 1548 a
1018 1521 1107 1558 quelle
1125 1522 1168 1548 ch'
1178 1522 1234 1557 egli
1250 1530 1335 1548 aveva
1345 1523 1390 1557 gisl
1399 1522 1490 1550 seritoe
1499 1522 1572 1550 sulio

993 1571 1081 1592 stesso
1102 1570 1263 1599 argomento
1275 1564 1319 1591 nel
1332 1572 1394 1600 1391
1409 1573 1424 1591 a
1434 1564 1573 1593 Rei-nardo

992 1607 1026 1635 da
1037 1607 1156 1643 Moglio:
1177 1617 1191 1632 α
1202 1607 1229 1634 in
1239 1615 1290 1643 qua
1300 1627 1308 1634 .
1318 1627 1325 1635 .
1335 1627 1342 1634 .
1354 1615 1383 1635 re
1397 1607 1493 1644 prefati
1505 1607 1572 1635 volo

995 1661 1009 1676 α
1020 1660 1066 1678 me
1085 1651 1251 1687 grandem
1270 1656 1354 1677 natu
1373 1650 1425 1678 Dei
1443 1651 1531 1687 digito
1546 1658 1575 1679 et

995 1704 1009 1719 α
1019 1694 1140 1730 ingenio,
1150 1693 1223 1730 quod
1236 1693 1321 1720 michi
1330 1693 1449 1724 dederat,
1456 1694 1534 1727 duce,
1545 1694 1573 1723 in

993 1748 1007 1762 κ
1019 1737 1070 1764 hec
1086 1737 1173 1764 studia
1192 1742 1220 1764 et
1238 1736 1336 1763 harum
1355 1745 1445 1763 rerum
1458 1737 1572 1773 vectiga-

994 1781 1124 1807 «tionem
1150 1779 1265 1806 intrasse
1284 1779 1389 1811 rudem,
1403 1779 1463 1806 sine
1482 1781 1570 1816 magi-

992 1833 1007 1848 «
1019 1829 1075 1850 stro
1091 1828 1118 1849 et
1135 1822 1222 1849 ferme
1234 1822 1292 1848 sine
1301 1821 1448 1857 principio;
1466 1830 1516 1850 nec
1531 1829 1572 1850 ta-

993 1875 1006 1890 «
1019 1874 1082 1893 men
1093 1865 1192 1898 adhuc,
1200 1864 1263 1892 licet
1273 1865 1372 1892 diutius
1381 1864 1571 1899 laboraverim,

993 1918 1007 1932 α
1018 1915 1123 1934 errores
1142 1906 1260 1942 puericia
1274 1911 1419 1941 conceptos
1434 1914 1462 1934 et
1479 1906 1572 1934 adole-

993 1961 1007 1975 «
1018 1950 1119 1977 scentia
1130 1950 1300 1977 connutritos
1312 1949 1458 1985 triginta
1479 1949 1572 1986 quin-

993 2003 1008 2018 «
1018 2002 1082 2029 que
1110 2001 1281 2019 annorum
1300 2001 1366 2020 cura
1381 1993 1500 2028 potuisse
1513 1993 1572 2020 dili-

992 2046 1006 2061 α
1018 2036 1162 2072 gentiaque
1172 2043 1287 2071 purgare
1297 2045 1321 2068 »3
1331 2035 1376 2062 lib.
1383 2034 1444 2068 vn,
1453 2043 1495 2071 ep.
1502 2043 1570 2069 vm3

991 2079 1025 2112 11,
1036 2086 1095 2115 279.
1133 2079 1179 2105 Ma
1189 2078 1289 2114 poiche
1305 2080 1362 2105 cosi
1380 2078 1426 2106 nel
1441 2086 1521 2115 passo
1539 2086 1572 2106 or

991 2121 1074 2148 citato
1093 2121 1156 2148 dell’
1164 2120 1280 2157 epistola
1287 2120 1314 2147 al
1324 2120 1481 2156 Bolognese
1492 2129 1571 2148 come

990 2163 1061 2191 nella
1081 2169 1205 2200 presente
1231 2163 1251 2190 il
1270 2163 1300 2190 S.
1317 2163 1443 2190 asserisce
1471 2163 1498 2190 d’
1506 2171 1571 2191 aver

990 2207 1131 2242 intrapresi
1159 2206 1213 2233 seri
1243 2205 1315 2233 studi
1342 2205 1500 2242 ortografici
1527 2205 1570 2233 sol

989 2250 1090 2285 quand’
1101 2258 1147 2276 era
1165 2249 1210 2284 gii
1225 2249 1312 2276 uscito
1321 2249 1355 2275 da
1371 2257 1407 2276 un
1420 2257 1503 2285 peno
1516 2248 1571 2276 dal·

990 2293 1008 2319 l’
1018 2293 1206 2325 adolescenza,
1212 2293 1342 2320 converri
1349 2298 1510 2319 ammettere
1518 2291 1572 2319 ch'e

989 2335 1007 2362 l'
1018 2344 1090 2362 anno
1107 2335 1134 2362 al
1153 2335 1233 2371 quale
1251 2334 1276 2362 ei
1295 2335 1391 2362 voleva
1403 2333 1444 2361 far
1463 2333 1569 2362 risulire

989 2379 1023 2405 ad
1042 2387 1079 2404 un
1095 2378 1217 2413 dipresso
1237 2379 1245 2404 i
1264 2378 1326 2405 suoi
1343 2378 1422 2413 primi
1443 2377 1569 2404 tentativi

987 2420 1072 2447 debba
1102 2419 1248 2456 giudiearsi
1274 2419 1294 2447 il
1322 2419 1567 2456 venticinquesimo
