1682 2762
0 2309 2 2312 ,
0 2238 11 2292 ...w

72 889 112 914 10

71 1181 108 1215 15

69 1471 112 1497 20

70 1761 112 1795 25

71 2055 114 2089 30

406 235 453 262 DI
485 233 749 263 COLUCCIO
782 232 1055 261 SALUTATI.
1269 225 1333 266 619

139 369 242 394 cetera
264 359 384 394 nedum
408 360 548 401 senibus,
567 360 669 404 qualis
687 371 752 404 ego
774 371 864 401 sum3
887 358 1102 392 sextadecima
1117 357 1250 403 quidem
1265 358 1332 393 dies

139 418 266 453 alterius
285 419 404 452 mensis
424 430 546 452 annum
570 418 847 463 septuagesimum
871 427 902 451 et
926 417 1107 451 secundum
1129 418 1220 451 etatis
1247 429 1333 459 mee,

138 476 166 510 si
182 485 293 511 tamen
316 476 355 511 ad
379 488 450 511 eam
471 477 684 522 pervenerim,
704 475 881 517 inchoabit;
905 475 962 510 sed
981 477 1078 510 etiam
1094 475 1264 510 iuvenibus
1279 485 1334 510 aut

138 533 384 570 adolescentulis
399 536 454 569 vix
475 536 639 570 coherent.
686 547 774 570 nunc
793 546 881 580 ergo,
902 547 976 570 cum
995 545 1028 569 te
1046 544 1173 569 tantum
1190 544 1222 569 et
1235 535 1333 570 talem

138 593 243 627 virum
267 593 348 627 adeo
363 605 469 627 rarum
486 593 652 638 dignitate,
666 593 865 628 rarissimum
885 594 1042 638 sanguine
1058 593 1249 638 fortuneque
1268 594 1333 627 sin-

138 650 248 696 gulare
270 651 443 685 ludibrium
460 660 492 685 et
506 650 693 685 admirabne
708 651 902 686 fortitudinis
926 663 962 686 ac
981 652 1133 696 patientie
1157 652 1335 686 documen-

137 718 220 749 tum,
243 709 317 744 licet
339 721 438 743 senex
455 709 601 750 viderim,
615 721 792 754 possumne
813 722 879 743 non
897 710 1049 746 continue
1068 710 1254 744 reminisci?
1301 719 1336 744 ut

138 768 235 802 etiam
257 768 284 802 si
309 769 430 802 cunctis
454 778 562 802 tecum
586 768 784 813 temporibus
807 768 971 803 silentium
995 779 1104 813 egero,
1121 780 1188 802 non
1211 769 1335 813 possim

137 835 247 860 tamen
271 825 311 860 de
334 827 492 860 memoria
515 836 546 861 te
571 826 687 862 delere.
734 826 791 861 sed
815 827 874 861 hec
901 827 989 860 alias.
1043 827 1077 861 in
1100 827 1334 871 presentiarum

138 894 217 918 vero
235 894 303 918 non
322 883 355 917 id
379 895 442 928 ago
460 884 548 929 quod
572 885 618 919 tui
643 884 831 919 meminisse
847 883 966 926 videar,
983 884 1039 918 sed
1063 884 1148 918 aliud
1173 885 1334 919 calamum

137 953 264 977 sumere
282 943 448 987 persuasit.
494 943 562 976 scio
580 952 623 983 te,
638 954 713 977 cum
734 943 932 977 Florentiam
948 942 1109 988 appulisti,
1126 943 1270 977 visitasse
1286 955 1335 978 re-

137 998 380 1045 ligiosissimum
402 1001 634 1035 monasterium
658 1001 776 1035 Sancte
800 1001 902 1034 Marie
933 1000 972 1034 de
992 1000 1126 1045 Angelis
1150 1010 1182 1035 et
1205 1001 1333 1035 illorum

137 1058 344 1093 eremitarum
381 1058 578 1104 fiatrumque
617 1060 829 1094 monasticam
868 1059 1109 1094 observantiam
1145 1060 1334 1105 inspexisse.

138 1125 217 1162 puto
234 1115 291 1150 tibi
311 1116 467 1162 placuisse
491 1117 595 1151 cultus
615 1116 715 1151 divini
739 1129 860 1159 curam,
882 1117 1039 1162 placuisse
1064 1116 1221 1152 familiam
1240 1128 1335 1163 atque

138 1174 339 1220 diligentiam
358 1175 577 1220 placuisseque
598 1175 751 1221 quicquid
778 1176 821 1210 ibi
845 1177 1006 1214 invenisti.
1053 1177 1244 1221 contiguum
1269 1186 1336 1211 erat

137 1233 185 1268 eis
202 1233 402 1268 domicilium
417 1233 583 1279 quoddam
598 1246 673 1268 cum
691 1246 781 1279 agro,
796 1246 872 1280 que,
886 1235 961 1268 licet
975 1234 1201 1279 religiosorum
1217 1244 1334 1276 essent,

138 1291 351 1337 stipendiariis
374 1301 482 1326 tamen
501 1291 647 1336 quotidie
666 1292 868 1334 locabantur;
891 1292 979 1337 quod
1003 1293 1048 1326 eis
1068 1301 1134 1326 erat
1152 1292 1192 1326 ad
1210 1292 1335 1337 inquie-

138 1349 285 1385 tudinem
308 1358 340 1384 et
362 1350 541 1395 periculum
569 1360 601 1385 et
631 1350 671 1384 ad
702 1351 881 1384 maximam
904 1351 1071 1385 materiam
1094 1350 1333 1385 scandalorum.

138 1419 279 1454 cumque
301 1420 338 1443 ea
362 1409 487 1443 venalia
505 1408 622 1450 forent,
637 1420 703 1454 quo
723 1410 867 1444 vicinum
883 1409 964 1443 forte
979 1409 1195 1454 perniciosum
1212 1418 1244 1443 et
1262 1420 1334 1454 gra·

138 1467 229 1501 viora
250 1465 410 1512 fugerent,
435 1467 593 1512 compulsi
615 1477 692 1502 sunt
714 1478 848 1501 omnem
862 1467 949 1501 illam
968 1468 1207 1511 possessionem
1226 1478 1334 1500 emere

138 1536 237 1570 seque
260 1525 368 1560 multis
391 1525 519 1567 debitis3
544 1527 724 1560 maximum
758 1527 846 1560 enim
870 1526 1012 1571 precium
1037 1535 1104 1566 est;
1124 1537 1200 1560 cum
1223 1525 1334 1559 multis

140 1582 264 1618 civibus
286 1583 461 1629 implicare.
505 1583 729 1618 subventionis
752 1593 840 1618 tanta
864 1584 1036 1618 necessitas
1066 1593 1114 1618 est
1136 1592 1255 1628 quanta
1279 1583 1334 1617 vix

139 1650 259 1686 posset,
282 1642 351 1675 imo
375 1652 503 1686 prorsus
521 1651 554 1676 et
572 1642 709 1676 omnino
732 1653 800 1676 non
823 1651 944 1686 posset,
963 1636 1062 1675 verbo
1082 1641 1134 1676 vel
1153 1641 1263 1675 litteris
1279 1640 1334 1675 de·

141 1698 260 1734 clami.
305 1708 498 1744 quapropter
524 1699 756 1745 benignitatem
775 1709 809 1735 et
823 1700 1026 1734 clementiam
1043 1709 1134 1734 tuam
1154 1707 1336 1733 reverenter

141 1757 296 1802 deprecor
316 1767 349 1792 et
371 1768 482 1800 exoro,
505 1767 664 1803 quatenus
682 1770 722 1793 ex
746 1758 809 1793 alio
833 1759 924 1804 quasi
947 1768 1104 1793 terrarum
1135 1757 1212 1792 orbe
1240 1757 1335 1792 huius

140 1824 251 1850 sancte
273 1825 306 1850 et
329 1815 445 1850 devote
475 1815 595 1850 familie
617 1817 791 1851 recorderis
815 1827 951 1861 eamque
980 1816 1013 1850 in
1044 1816 1108 1850 hoc
1138 1816 1334 1850 necessitatis

140 1874 274 1909 articulo
297 1874 398 1915 iuves,
422 1885 489 1908 non
512 1874 692 1909 secundum
714 1874 803 1920 quod
833 1874 997 1919 indigent;
1021 1874 1053 1908 id
1082 1873 1214 1919 quidem
1238 1874 1334 1908 nimis

139 1943 239 1978 grave
257 1932 357 1974 foret;
381 1932 437 1967 sed
452 1932 631 1967 secundum
650 1933 738 1978 quod
762 1933 953 1967 humanitati
969 1942 1001 1967 et
1019 1931 1186 1977 prudentie
1206 1931 1335 1976 dispen-

140 1990 273 2025 sationis
292 2000 346 2024 tue
370 1990 530 2025 videbitur
552 1991 688 2036 dignum
711 1989 788 2025 fore.
835 2002 894 2024 nec
918 2002 1030 2035 queras
1054 1990 1087 2024 in
1112 1990 1175 2024 hoc
1194 1989 1334 2024 occulta-

140 2049 238 2083 tionis
269 2048 465 2090 audonem,
487 2048 543 2083 sed
574 2049 701 2083 luceant
724 2060 821 2093 opere
850 2058 905 2083 tue
939 2059 1048 2082 coram
1073 2047 1270 2089 hominibus,
1295 2058 1335 2082 ut

141 2105 286 2141 laudetur
309 2115 397 2151 pater
420 2116 540 2148 noster,
563 2107 618 2152 qui
645 2107 679 2141 in
706 2107 780 2141 celis
804 2116 852 2141 est
870 2106 914 2147 (¹),
938 2115 970 2140 et
998 2106 1173 2154 invitentur
1199 2105 1251 2139 alii
1278 2116 1334 2150 per

140 2163 343 2209 exemplum;
367 2175 426 2198 nec
449 2165 481 2198 in
505 2164 567 2198 hoc
590 2165 727 2210 gloriam
750 2164 806 2198 tibi
830 2175 937 2208 speres
961 2172 1015 2198 aut
1038 2173 1128 2208 optes
1152 2163 1184 2196 in
1208 2162 1331 2204 seculo,

141 2221 197 2256 sed
209 2221 293 2268 apud
309 2223 417 2256 Deum
432 2231 580 2267 expectes
594 2223 626 2257 in
639 2222 728 2264 celo;
749 2234 809 2256 nec
825 2222 887 2256 hoc
902 2220 997 2255 facias
1012 2230 1139 2266 propter
1152 2220 1334 2255 retributio-

179 2324 219 2349 33.
229 2317 250 2342 11
255 2319 366 2343 σοιν-κα
375 2320 398 2342 le
403 2319 486 2349 parole
493 2319 532 2342 ud
540 2331 552 2337 -
559 2319 617 2347 celo.
623 2325 711 2343 ouem
721 2320 759 2342 nel
768 2318 1017 2348 te110,upplieesone
1023 2317 1112 2341 d'aura
1121 2323 1200 2343 mano,
1207 2317 1247 2340 nel
1253 2322 1332 2346 aare.

178 2404 222 2441 (ι)
241 2404 284 2433 cf.
301 2413 324 2433 s.
342 2405 460 2434 mnu.
478 2405 514 2440 V,
536 2405 575 2434 ¹6.

1362 485 1439 507 quanto
1443 480 1476 501 dni
1483 481 1574 508 ‘inv-ni.

1389 538 1420 559 Or
1434 545 1494 559 come
1503 540 1575 561 ureb·

1362 565 1576 614 ¹:23¹&ss

1362 601 1576 646 dar-taimesson‘r’g,

1363 645 1452 667 ludibrio
1495 647 1577 668 illum«

1362 673 1416 693 deu·
1440 673 1531 699 fortuna,
1554 681 1576 695 e-

1362 706 1406 747 i?
1421 701 1576 749 ‘affixi

1363 754 1475 781 putem

1389 832 1438 854 Non
1452 840 1489 861 per
1499 840 1574 862 qneeto

1362 859 1443 888 dunque
1457 861 1486 889 gli
1501 862 1575 888 nain,

1362 893 1395 907 n·
1416 893 1453 914 per
1473 888 1525 910 niu·-
1541 896 1575 910 ea·

1363 914 1432 941 gione-

1390 954 1460 976 Vizitd
1477 955 1575 978 Toum-

1363 982 1498 1030 issztffiffiss
1520 983 1576 1031 ’ἓωῖ

1363 1039 1424 1055 vento
1438 1023 1458 1056 d'i
1473 1035 1495 1058 S.
1511 1036 1575 1059 Made

1362 1061 1415 1089 ⁶08¹!
1425 1062 1499 1090 Augen
1508 1069 1520 1084 e
1530 1070 1576 1085 w-

1362 1092 1386 1109 to
1400 1089 1420 1109 ei
1439 1090 1514 1110 timue
1532 1091 1575 1111 ed}-

1362 1115 1423 1136 flecto
1449 1115 1504 1137 dall·

1363 1141 1417 1162 clm
1431 1143 1485 1164 vinu
1494 1143 1515 1164 di
1526 1144 1574 1172 qne'

1362 1170 1454 1190 non-ei.

1389 1195 1472 1217 Aveven
1488 1202 1573 1219 ωαοω

1363 1223 1476 1270 antiq-12⁶
1480 1224 1520 1244 elle
1541 1224 1574 1245 lor

1361 1255 1409 1296 {2:²⁸
1419 1252 1574 1299 sol-vuangi-

1361 2126 1449 2142 nater·
1459 2122 1497 2143 clu
1504 2129 1517 2143 ι
1523 2106 1574 2144 tuni

1362 2148 1392 2169 da
1407 2153 1460 2169 noto
1469 2155 1506 2177 per
1514 2149 1572 2170 edifi-

1361 2175 1445 2196 wion·
1459 2182 1549 2197 comune
