1682 2762
89 415 147 429 esser
156 413 212 429 stato
222 408 237 429 il
247 408 305 429 Man-

89 436 131 456 nini
157 436 256 456 mandato
283 435 304 456 in

88 468 146 483 corte
167 463 187 482 di
208 462 276 482 Roma
293 469 305 482 n

89 490 210 516 procurnrvi
217 489 231 510 1’
238 490 304 510 intru-

88 517 148 536 sione
161 516 216 536 neu·
226 517 273 536 sede
284 516 304 536 di

89 542 219 570 Canterbury
224 543 258 563 del
264 549 303 563 suo

87 570 158 594 rivale,
173 577 201 590 vo
217 569 245 590 113
262 570 303 597 egli

88 577 228 624 perdounrgffi.

112 623 142 644 La
150 623 273 644 volontidel
281 630 303 643 re

88 657 100 670 e
107 650 164 678 degli
172 650 275 671 avveruri
283 650 303 670 dl

87 677 201 698 Tommnso
217 677 303 697 costrin-

89 711 112 724 κ
129 710 140 724 ι
154 705 188 724 cio
202 704 303 728 Antonio.

90 731 105 751 il
119 731 186 758 quale,
195 737 218 750 se
232 737 303 751 nesse

86 757 224 782 dinobbedsto,
234 764 303 777 eorre-

85 791 111 805 να
119 784 235 811 pericolodi
242 791 302 804 scon-

86 816 144 831 urne
152 811 167 831 il
176 811 203 831 fio
212 817 223 831 e
232 811 302 838 quindi

86 838 147 862 miro,
160 845 203 858 non
222 845 233 858 ι
251 844 302 858 11υο-

87 871 132 885 cere
150 871 162 884 ι
179 864 216 889 lui.
234 871 268 885 ma
290 871 302 885 3

86 892 171 918 giovare
181 899 193 912 11
204 898 226 912 se
236 891 302 912 mede-

85 925 148 940 simo.

112 945 143 966 Lo
175 952 220 965 com
236 946 301 966 misen

86 972 168 999 dunque
176 979 187 992 e
198 972 227 999 gl»
237 973 300 992 rendn

87 999 106 1019 ln
117 1006 155 1020 sua
169 1000 244 1026 grazia.

112 1159 210 1180 Terminn
224 1160 300 1181 assicu-

85 1187 173 1208 randolo
187 1187 223 1208 che
242 1187 257 1207 l'
268 1194 300 1208 ιι-

86 1220 147 1234 ιεηιι
161 1221 204 1234 uon
215 1214 242 1234 bn
256 1221 300 1235 sce-

87 1246 144 1261 mam
150 1241 239 1261 l'nffeuo
245 1241 300 1262 ch'ei

86 1273 148 1288 autre
162 1275 198 1295 per
212 1268 242 1288 lui

333 280 398 314 500
766 274 1112 303 EPISTOLARIO

333 405 528 437 memoriam
549 402 630 435 forte
655 401 790 441 redierit,
815 401 903 445 quod
927 401 960 434 in
977 411 1148 434 romanam
1172 402 1292 434 curiam
1311 400 1427 433 missus
1441 399 1536 434 fuerit

332 471 564 506 procuraturus
587 460 802 494 intrusionem
830 460 910 500 eius,
941 459 997 504 qui
1029 469 1120 492 tuam
1150 459 1320 503 occupavit
1354 458 1534 498 ecclesiam,

332 521 395 554 hoc
416 531 483 553 non
509 519 586 552 velis
611 518 716 552 eidem
740 517 782 552 ad
806 517 932 562 culpam
957 517 1112 551 ascribere
1129 529 1189 552 nec
1205 517 1238 550 id
1262 517 1302 551 ad
1318 517 1534 551 offensionem

332 579 385 613 vel
414 579 566 612 iniuriam
596 587 753 621 reputare.
800 576 935 622 urgebat
958 576 1045 610 enim
1068 577 1154 621 regis
1176 576 1276 610 iussio
1295 585 1326 610 et
1350 575 1534 610 emulorum

331 637 440 678 factio,
461 637 576 681 quibus
595 647 629 670 se
649 635 881 681 obsequiosum
906 647 973 670 non
997 635 1131 670 reddere
1153 635 1231 680 quid
1254 634 1377 676 fuisset,
1396 635 1457 669 nisi
1481 647 1535 669 su—

331 706 478 740 spectum
503 707 577 728 cum
601 695 745 728 maximo
778 706 886 728 rerum
917 705 1047 728 suarum
1076 693 1218 738 periculo
1241 705 1276 727 se
1299 693 1458 738 prebere?
1503 703 1535 727 et

330 755 368 795 si,
391 753 481 798 quod
510 753 611 787 moris
645 762 703 793 est,
727 752 789 786 illis
813 752 1023 797 temporibus,
1048 752 1131 786 sicut
1161 751 1268 796 plures
1293 751 1355 792 alii,
1379 763 1414 785 se
1437 751 1533 785 nimis

330 812 438 846 forsan
462 811 607 856 ingessit,
633 823 699 845 non
723 810 863 845 nocendi
883 810 1060 855 proposito,
1079 809 1136 844 sed
1153 810 1324 844 intentioni
1341 808 1535 854 providendi

330 871 395 905 suis
419 869 607 904 utilitatibus
627 870 796 914 imputato.
843 881 973 903 summa
987 869 1052 902 mei
1072 868 1218 902 desiderii
1235 878 1295 909 est,
1314 868 1401 913 quod
1426 869 1535 913 ipsum

330 928 471 973 digneris
502 928 683 962 oblitterata
702 928 927 972 preteritorum
952 921 1111 961 memoria
1135 938 1211 961 cum
1235 926 1432 971 benignitate
1454 926 1534 960 reci-

327 999 403 1031 pere
435 998 503 1020 non
526 996 717 1021 excusatum
741 985 952 1020 solummodo
980 984 1068 1030 quod
1092 986 1230 1029 tempori
1255 985 1396 1025 cesserit,
1419 983 1476 1018 sed
1499 985 1534 1018 in

328 1057 469 1080 servum.
516 1046 550 1078 in
570 1056 635 1090 quo
661 1044 723 1079 dici
748 1056 815 1078 non
839 1053 950 1089 posset
972 1053 1132 1088 quantum
1155 1043 1254 1077 michi
1277 1053 1332 1077 tua
1355 1042 1534 1077 sublimitas

328 1103 552 1149 complacebit.
600 1103 660 1137 hec
680 1103 847 1137 hactenus.

395 1163 495 1197 Nunc
519 1171 630 1196 autem
654 1171 765 1196 teneas
788 1161 887 1195 velim
904 1173 957 1195 me
976 1161 1023 1195 tui
1042 1171 1172 1206 propter
1185 1159 1364 1194 absentiam
1379 1172 1448 1194 non
1463 1172 1535 1195 esse

329 1221 476 1262 oblitum,
501 1220 558 1254 sed
582 1230 673 1254 tuam
697 1219 906 1254 dilectionem
931 1219 1013 1253 adeo
1037 1220 1139 1253 menti
1166 1231 1240 1254 mee
1262 1219 1416 1253 tenaciter
1444 1218 1534 1254 inhe-

385 1340 404 1356 1.
419 1331 457 1355 Μ2
467 1331 499 1356 G¹
516 1332 559 1355 fuit

331 1380 352 1403 7.
368 1373 398 1396 L²
414 1373 468 1402 quid
524 1374 547 1396 8.
563 1371 595 1396 6¹
610 1373 735 1395 intentione

330 1474 420 1507 landa,
436 1474 507 1501 dove
522 1473 690 1501 l’attendeva
706 1481 759 1500 una
774 1472 909 1509 singolare

331 1523 486 1543 avventura.
521 1515 695 1542 Trovandosi
703 1515 775 1542 nella
782 1521 850 1542 state
857 1514 910 1541 del-

330 1559 422 1586 l'anno
439 1564 570 1593 seguente
582 1566 598 1584 a
614 1558 734 1585 Dublino
749 1567 763 1583 ι(
775 1558 852 1593 quasi
867 1557 911 1584 ab—

332 1612 346 1627 «
356 1602 512 1629 bandonato
523 1602 557 1628 da
567 1602 632 1637 ogni
645 1601 789 1628 huomo...
803 1609 818 1627 e
829 1609 909 1627 sanza

332 1655 346 1670 α
358 1645 492 1680 consiglio
505 1653 523 1671 ο
544 1644 665 1672 conforto
681 1653 696 1671 e
711 1652 840 1680 speranza
857 1643 909 1671 d'a-

333 1699 347 1714 α
357 1697 419 1716 vere
426 1697 518 1716 senon
525 1688 551 1715 la
559 1688 649 1724 grazia
659 1697 674 1715 e
687 1688 875 1715 misericordia
883 1688 910 1715 di

331 1743 345 1757 «
357 1731 411 1759 Dio
419 1741 444 1764 1),
451 1731 476 1758 13
483 1738 583 1758 venuta
590 1731 654 1758 d'un
664 1731 797 1758 cavaliere
807 1731 910 1767 unghe-

329 1783 397 1808 rese,
407 1774 458 1801 che
471 1783 516 1801 era
529 1774 626 1801 diretto
638 1783 653 1801 a
663 1774 771 1801 visitare
785 1774 802 1801 il
815 1782 909 1810 purga-

329 1817 400 1844 torio
413 1817 439 1843 di
455 1817 484 1844 S.
500 1817 625 1850 Patrizio,
637 1816 746 1843 indusse
761 1816 800 1843 lui
815 1825 880 1852 pure
893 1825 909 1843 3

330 1858 388 1886 fare
409 1858 428 1885 il
450 1852 622 1894 simigliante.
642 1858 696 1886 Del
718 1867 768 1886 suo
788 1859 909 1894 viaggio,

330 1900 403 1928 della
411 1901 516 1928 discesa
529 1901 574 1927 nel
586 1909 671 1936 pozzo
684 1900 800 1933 famoso,
810 1901 852 1928 de'
859 1907 909 1928 tra-

330 1943 403 1979 vagli
427 1943 479 1970 che
500 1944 526 1970 vi
552 1946 692 1979 sopporto,
714 1945 846 1970 ritornato
867 1950 908 1971 tre

331 1986 398 2013 mesi
412 1995 427 2013 e
441 1994 536 2013 mezzo
547 1986 618 2022 dopo
629 1995 644 2013 a
657 1986 779 2013 Dublino
790 1986 841 2022 egli
855 1987 909 2013 det·

330 2035 392 2056 tava
407 2037 422 2055 a
436 2028 526 2056 Corso
541 2028 675 2062 Rustichi,
687 2028 756 2055 altro
772 2036 909 2056 mercante

330 2070 477 2098 florentino
495 2071 663 2098 domiciliato
682 2080 697 2097 a
719 2071 835 2105 Londra,
855 2080 909 2098 una

331 2114 435 2141 curiosa
449 2114 592 2147 relazione,
604 2114 655 2141 che
670 2114 698 2141 fu
714 2114 864 2149 pubblicata
877 2123 909 2142 or

329 2156 356 2183 fa
371 2157 486 2192 qualche
506 2165 578 2183 anno
597 2157 641 2183 nel
663 2157 755 2185 Giorn.
769 2162 828 2185 seor.
845 2158 909 2185 della

329 2199 407 2226 letter.
430 2199 486 2227 ital.
507 2198 578 2231 V111,
601 2207 647 2234 ¹45
673 2208 740 2235 sgg.;
761 2199 795 2228 cf.
819 2200 908 2227 altresi

329 2240 417 2273 XVII,
438 2249 469 2275 57
492 2249 551 2276 sgg.
597 2241 733 2268 Notevole
752 2243 767 2268 e
790 2242 818 2268 in
838 2250 908 2274 essa,

329 2291 344 2309 a
362 2289 437 2309 tacer
455 2283 480 2309 d’
492 2283 571 2315 altro,
590 2283 616 2310 la
634 2283 718 2310 ferma
731 2285 907 2320 persuasione

329 2325 381 2352 che
400 2325 420 2352 il
438 2325 562 2352 Mannini
582 2325 727 2353 manifesta
746 2327 771 2353 d'
782 2335 855 2361 aver,
867 2326 909 2353 sfi-

329 2368 419 2395 dando
438 2369 446 2395 i
466 2369 576 2404 pericoli
595 2369 621 2395 di
637 2369 698 2405 quel
714 2378 834 2405 pauroso
852 2370 909 2405 pel-

328 2409 507 2446 legrinaggio,
527 2410 597 2437 vinta
624 2410 642 2437 1’
652 2412 786 2438 avversita
809 2411 860 2438 che
879 2411 908 2439 lo

327 2453 515 2488 perseguitava
541 2461 556 2480 e
576 2453 735 2489 conseguita
753 2453 788 2480 da
807 2453 862 2481 Dio
881 2453 908 2481 13

641 1339 662 1356 2.
677 1331 755 1355 M²G¹
770 1333 826 1356 eccl.
841 1338 923 1361 occup.

793 1379 830 1400 ¹4·
844 1371 875 1394 L²
890 1374 976 1394 omette
990 1376 1066 1394 autem
1107 1371 1144 1394 Μ2
1153 1371 1186 1395 G¹
1201 1379 1247 1395 non
1262 1379 1311 1395 ene
1324 1376 1398 1402 propt.
1412 1373 1462 1395 abt.

1005 1339 1031 1359 4.
1046 1330 1263 1361 L²ddetperve1
1305 1330 1383 1355 M²G¹
1401 1330 1534 1360 iuniores-

954 1481 1095 1508 promessa
1114 1473 1141 1500 di
1160 1479 1232 1500 certa
1250 1472 1362 1506 felicita,
1380 1473 1473 1500 sicche
1491 1477 1535 1500 in-

955 1515 1046 1542 vitava
1064 1515 1089 1542 13
1109 1515 1213 1551 moglie
1232 1515 1265 1542 ed
1285 1515 1304 1542 il
1318 1515 1427 1543 fratello
1443 1515 1534 1543 Salve-

955 1565 1011 1585 stro
1030 1567 1046 1585 a
1064 1558 1258 1594 raggiungerlo
1276 1559 1304 1585 in
1323 1558 1440 1592 Irlanda,
1463 1559 1535 1586 dove

955 1602 1103 1628 avrebbero
1116 1601 1269 1637 ricuperato
1287 1601 1307 1628 il
1326 1601 1387 1628 loro
1407 1611 1422 1626 α
1432 1606 1503 1629 stato
1517 1610 1534 1629 e

957 1653 1068 1671 «onore
1077 1655 1103 1671 ιο.
1146 1645 1238 1671 Niuno
1261 1644 1303 1672 de’
1323 1645 1381 1672 suoi
1400 1646 1423 1672 si
1441 1653 1534 1672 nosse

954 1689 1021 1723 pero
1040 1695 1055 1714 e
1073 1687 1102 1714 fu
1117 1694 1237 1719 ventura,
1253 1687 1353 1722 perche
1368 1687 1422 1722 egli
1436 1693 1534 1721 stesso,

954 1729 1060 1756 svanita
1078 1729 1206 1756 bentosto
1218 1729 1286 1764 ogni
1303 1729 1438 1763 illusione,
1449 1730 1534 1757 stimi>

954 1773 1052 1808 saggio
1080 1773 1178 1808 partito
1205 1772 1344 1799 restituirsi
1372 1780 1388 1799 3
1415 1771 1534 1807 Firma,

953 1816 1023 1843 dove
1042 1816 1131 1843 arrivo
1150 1816 1222 1851 dopo
1241 1822 1282 1843 tre
1299 1815 1364 1842 anni
1381 1815 1407 1842 d'
1421 1823 1534 1843 asseuza

954 1858 973 1884 il
995 1866 1026 1885 12
1040 1858 1146 1885 ottobre
1159 1858 1202 1885 del
1217 1866 1294 1893 ¹4¹3·
1330 1858 1367 1885 Se
1385 1858 1459 1894 dopo
1470 1857 1535 1886 d'al-

953 1901 1010 1928 lora
1031 1901 1172 1928 ritentasse
1195 1901 1257 1929 altri
1275 1901 1368 1937 viaggi
1394 1910 1449 1929 non
1472 1910 1534 1938 ap-

953 1945 1057 1980 piamo,
1076 1945 1178 1980 perche
1202 1944 1222 1971 il
1247 1943 1324 1971 fonte
1342 1945 1377 1971 da
1396 1945 1440 1972 cui
1463 1953 1534 1972 sono

954 1988 1049 2015 attinte
1064 1987 1090 2014 le
1108 1983 1265 2023 precedenti
1283 1987 1392 2023 notizie,
1405 1996 1442 2015 un
1454 1988 1534 2015 Libro

954 2030 980 2056 di
989 2029 1136 2064 ricordanze
1145 2031 1172 2056 di
1183 2029 1324 2057 Salvestro
1332 2030 1366 2056 ed
1377 2029 1532 2057 Alamanno

953 2072 1533 2108 Mannini,conservatocidisgraziatamente

953 2115 1047 2142 soloin
1056 2115 1159 2142 estratti
1166 2115 1211 2142 dal
1221 2122 1330 2142 senator
1339 2115 1424 2143 Carlo
1431 2115 1533 2143 Stroui

954 2158 1029 2192 (cod.
1042 2157 1170 2193 Magliab.
1182 2157 1270 2191 XXV,
1284 2166 1342 2193 595,
1355 2167 1379 2185 c.
1388 2165 1438 2193 423
1450 2158 1532 2194 sgg.),

953 2199 1028 2225 nulla
1055 2201 1100 2234 piu
1129 2200 1153 2225 ci
1182 2207 1262 2226 narra
1292 2198 1335 2226 sul
1362 2205 1444 2226 conto
1471 2207 1532 2228 suo.

954 2241 1021 2268 Solo
1035 2241 1060 2267 ci
1074 2242 1088 2267 ὲ
1104 2247 1172 2268 noto
1185 2241 1219 2268 da
1231 2241 1300 2268 altra
1313 2247 1388 2276 parte
1400 2241 1451 2268 che
1462 2243 1532 2268 mori

953 2283 998 2310 nel
1020 2291 1095 2319 1431,
1121 2292 1136 2310 e
1162 2284 1213 2310 che
1237 2284 1246 2310 i
1269 2284 1331 2310 suoi
1354 2284 1532 2319 discendenti,

953 2328 1049 2362 passati
1070 2327 1115 2361 pii]
1134 2326 1202 2353 tardi
1213 2326 1257 2353 nel
1273 2326 1364 2360 Friuli‚
1382 2327 1409 2353 vi
1423 2327 1533 2362 ebbae,

953 2369 1074 2396 secondo
1098 2375 1193 2396 attesta
1212 2369 1231 2396 il
1251 2369 1384 2403 Snvnu,
1406 2369 1486 2398 crau.
1505 2369 1534 2398 di

952 2412 982 2439 B.
1002 2411 1074 2444 Pieli,
1093 2421 1118 2448 p.
1141 2419 1200 2446 125,
1218 2412 1299 2439 titolo
1318 2412 1346 2439 di
1370 2413 1445 2440 conti
1469 2421 1486 2440 e
1503 2412 1533 2440 di

953 2453 1039 2482 nobili
1058 2454 1206 2482 venetiani.

1566 941 1605 965 10

1566 1234 1603 1268 15
