1682 2762
329 219 392 260 236
750 218 1093 247 EPISTOLARIO

329 279 1332 294 Μ

329 349 430 388 enim,
455 357 490 382 ut
513 348 611 387 aiunt,
644 357 749 390 grece,
781 344 878 377 latine
910 342 1153 376 inhabitator
1185 341 1306 375 dicitur.
1363 340 1519 374 Anchises

329 415 441 441 autem
453 405 556 438 dictus
573 412 621 437 est
638 402 729 447 quasi
752 410 867 445 pater
890 401 931 434 in
951 400 1130 434 excelsis
1153 398 1380 439 manens(¹)‚
1404 409 1466 442 que
1479 398 1520 431 si-

330 463 492 508 gnificatio
512 463 621 495 Deum
645 460 699 493 dat
721 459 917 503 intelligere3
943 459 1048 491 omnis
1068 458 1155 490 enim
1171 457 1278 490 anima
1297 467 1314 489 a
1329 457 1402 490 Deo
1418 464 1521 489 creata

107 568 109 571 ι
330 530 388 561 est,
405 529 440 553 ut
459 529 573 563 corpus
590 517 755 551 inhabitet.
801 528 887 550 nunc
907 524 1015 549 autem
1031 514 1230 548 intellectum
1247 514 1346 547 velim
1364 524 1382 546 a
1397 512 1521 547 litterali

90 581 139 627 {ini
160 578 302 626 §22⁸5ssssss
331 578 448 611 cortice
468 576 634 610 dimoveas
659 584 691 608 et
713 574 800 608 hunc
823 574 996 617 mysticum
1014 583 1146 606 sensum
1163 571 1316 605 advertas.
1364 579 1396 604 et
1418 570 1444 602 si
1459 570 1522 614 pri-

90 640 147 655 ’Μ
181 632 299 660 “¹²⁸⁰‘³⁶‘·
330 647 402 669 mus
421 634 499 668 liber
518 643 609 667 notat
631 632 808 672 infantiam,
828 630 1000 676 puericiam
1019 629 1191 670 secundus,
1209 629 1319 663 tertius
1338 628 1523 661 adolescen-

91 665 161 681 mente
168 660 188 679 1·
195 660 238 680 viu
246 665 303 678 umn-

91 693 118 707 ιιι
144 686 197 706 dall-
224 685 303 705 naseit-

91 713 133 734 .u.
146 712 279 736 nechim„
329 694 418 733 tiam,
442 693 643 726 iuventutem
666 700 805 736 quartuS‚
829 689 1010 723 virilitatem
1034 689 1164 732 quintus
1188 696 1219 721 et
1242 696 1349 720 sextus
1377 686 1523 720 ultimam

329 759 548 793 senectutem;
573 748 738 783 considera
761 759 857 792 quam
882 747 1024 792 apposite
1049 755 1163 780 cuncta
1194 745 1372 790 distinguit.
1418 745 1523 789 primo

330 808 410 843 libro
438 816 573 841 matrem
597 807 686 841 videt
716 816 747 840 et
782 817 850 839 non
887 805 1042 849 agnoscit,
1074 803 1162 848 quod
1192 812 1240 837 est
1271 801 1461 843 infantium;
1492 810 1524 835 et

649 901 781 927 Animum
800 900 903 935 pictura
922 898 1007 934 pascit
1025 897 1099 924 inani
1114 896 1158 930 (²),

91 994 304 1048 ss‘hnssiipffio‘iibfss
331 992 405 1037 quia
427 1001 504 1025 tunc
527 1002 576 1024 res
592 1002 659 1023 non
676 989 891 1033 agnoscimus,
908 986 965 1021 sed
984 986 1113 1030 picturis
1132 996 1240 1019 rerum
1255 984 1390 1024 illarum,
1407 982 1525 1017 scilicet

91 1047 304 1098 ffli‘ffissfpffifflss]
331 1049 534 1094 imaginibus,
562 1048 764 1081 delectamur.
815 1045 957 1079 ambulat
987 1044 1091 1077 Eneas
1122 1044 1156 1076 in
1186 1042 1270 1076 nube
1298 1052 1358 1075 nec
1391 1040 1525 1080 videtur,

331 1108 487 1152 quoniam
510 1105 645 1139 infantia
667 1104 852 1138 naturaliter
874 1102 971 1136 nichil
995 1101 1136 1141 exhibet,
1152 1112 1218 1145 quo
1241 1100 1400 1144 possimus
1419 1097 1459 1132 de
1477 1097 1527 1131 fu-

332 1165 409 1199 turis
422 1163 550 1198 infantis
568 1161 811 1196 condicionibus
823 1160 979 1201 iudicare;
997 1169 1028 1193 et
1048 1160 1116 1203 ipse
1131 1158 1218 1192 idem
1233 1157 1338 1191 infans
1363 1157 1423 1190 nisi
1439 1155 1527 1190 velut

92 1225 304 1279 algemam-pue-
332 1224 365 1257 in
389 1221 526 1256 tenebris
545 1222 715 1266 quicquam
743 1219 839 1253 videt.
876 1217 1008 1252 tandem
1033 1226 1142 1250 autem
1164 1217 1198 1250 in
1221 1215 1391 1260 puericiam
1417 1224 1526 1248 ascen-

333 1281 424 1321 dens,
441 1280 552 1324 incipit
567 1279 655 1323 loqui
671 1278 752 1312 veris
769 1277 846 1311 falsa
861 1277 1067 1320 permiscens,
1078 1274 1167 1319 quod
1182 1283 1230 1308 est
1245 1273 1393 1318 puericie.
1439 1270 1527 1316 quod

334 1339 421 1372 enim
452 1347 542 1382 capta
570 1337 665 1370 fuerit
694 1335 795 1369 Troia
823 1334 1010 1378 diruptaque
1037 1332 1179 1376 hystoria
1201 1341 1266 1373 est;
1294 1341 1394 1375 equus
1419 1338 1527 1363 autem

334 1397 385 1430 ille
397 1397 538 1430 troianus
552 1404 583 1428 et
596 1394 706 1428 omnia
725 1405 786 1437 que
803 1393 968 1426 traduntur
987 1391 1107 1424 ibidem
1124 1399 1214 1433 gesta
1232 1389 1272 1423 ad
1286 1387 1528 1422 similitudinem

335 1454 477 1498 hystorie
502 1453 585 1487 dicta
608 1460 696 1493 sunt;
716 1463 753 1484 ea
775 1460 883 1484 tamen
907 1450 1040 1489 ratione,
1060 1448 1149 1493 quod
1171 1445 1444 1481 considerantibus
1467 1457 1527 1486 res,

335 1521 371 1546 ut
388 1512 488 1551 decet,
504 1510 578 1544 ficta
596 1509 766 1543 videantur
784 1520 863 1548 esse,
887 1519 954 1541 non
978 1507 1079 1547 facta3
1103 1505 1191 1551 quod
1214 1505 1401 1539 narrationis
1425 1515 1528 1549 genus

336 1570 411 1604 etati
431 1569 583 1603 convenit
594 1568 717 1613 puerili,
732 1579 794 1611 que
810 1578 870 1600 nec
890 1566 1030 1609 loquitur
1045 1563 1272 1608 consequentia
1291 1574 1351 1596 nec
1368 1562 1528 1596 discernit.

335 1629 406 1673 quis
430 1630 516 1661 enirn
541 1626 646 1660 credat
665 1626 787 1670 aliquos
806 1625 893 1658 viros
914 1623 1060 1657 cordatos
1077 1631 1109 1656 et
1127 1622 1284 1666 sapientes
1304 1619 1444 1660 audacie,
1460 1619 1529 1652 imo

337 1686 524 1720 temeritatis
543 1694 629 1718 tante
649 1684 756 1725 fuisse,
780 1683 868 1727 quod
892 1682 965 1726 equi
989 1681 1087 1726 lignei
1111 1691 1146 1714 se
1167 1679 1352 1713 incluserint
1374 1678 1459 1718 alvo,
1477 1677 1530 1711 vel

336 1744 499 1778 Troianos
523 1752 610 1777 tanta
633 1742 775 1776 fatuitate
803 1741 979 1780 dementes,
998 1738 1087 1784 quod
1111 1738 1192 1772 adeo
1217 1738 1342 1780 Synoni
1366 1735 1530 1769 crederent

336 1803 478 1836 intanto
495 1801 567 1835 belli
591 1800 725 1841 turbine,
763 1799 849 1844 quod
873 1797 1044 1842 recipiendi
1067 1797 1148 1830 illius
1172 1796 1247 1840 equi
1276 1796 1344 1829 sive
1367 1793 1530 1828 simulacri

337 1859 442 1894 studio
458 1870 567 1893 muros
580 1858 743 1892 diviserint
757 1857 843 1891 urbis
860 1865 891 1891 et
906 1856 1068 1890 intentatis
1083 1854 1224 1898 undique
1235 1852 1389 1898 portubus
1405 1852 1529 1886 Grecos

98 1920 133 1941 ²¹⁶¹
147 1924 204 1940 ‘⁶¹²⁰
218 1918 310 1940 ¹'·‘¹⁰¹‘·
338 1917 526 1952 crediderint
548 1916 741 1950 recessisse?
785 1925 817 1948 et
840 1924 874 1949 ut
904 1914 943 1947 ad
974 1913 1089 1947 librum
1109 1913 1239 1946 tertium
1261 1911 1439 1950 veniamus,
1462 1920 1529 1954 quo

98 1953 171 1967 secun

99 1983 132 2003 ω
146 1989 181 2009 per
195 1982 311 2002 amum.
339 1976 552 2010 adolescentia
571 1974 765 2015 describitur,
779 1974 868 2008 cuius
881 1973 933 2006 vie
945 1980 1019 2006 sunt
1033 1969 1346 2015 imperceptibiliores
1365 1979 1463 2012 quam
1478 1968 1530 2001 via

99 2008 203 2029 mutevole
231 2015 242 2028 e
264 2015 311 2035 sog—

100 2040 157 2082 ξξῖζ
168 2035 311 2090 {ffssifissi'f'm
339 2033 460 2068 colubri
482 2045 576 2078 super
598 2042 732 2077 petram,
752 2032 804 2065 via
832 2031 923 2065 navis
953 2031 986 2063 in
1009 2029 1119 2063 medio
1143 2028 1250 2068 maris,
1273 2027 1446 2071 aviumque
1471 2036 1529 2059 vo-

373 2167 414 2202 (1)
435 2166 693 2202 L’interpretazione
713 2165 756 2192 del
778 2173 862 2192 nome
885 2164 911 2191 di
958 2173 971 2188 α
985 2163 1028 2190 lus
1045 2163 1168 2189 habitans
1185 2162 1213 2188 in
1229 2160 1349 2193 excelsis,
1360 2159 1406 2196 qui
1421 2159 1530 2195 quidem

337 2209 458 2236 Anchise
477 2208 604 2244 proviene
629 2208 662 2235 da
687 2208 843 2243 Fulgenzio,
862 2207 912 2234 che
958 2216 972 2231 «
987 2205 1114 2232 scientiae
1142 2204 1213 2230 dono
1237 2207 1400 2229 monstrante
1426 2201 1531 2236 conspi-

337 2251 446 2286 nell’op.
457 2252 499 2279 cit.
510 2260 554 2287 pp.
569 2250 669 2283 160-61,
679 2250 778 2278 scrive:
791 2250 913 2277 «Anchi-
959 2258 972 2273 «
987 2248 1056 2274 citur
1070 2257 1092 2274 ».
1127 2247 1172 2273 Ma
1184 2246 1227 2273 del
1240 2253 1322 2272 nome
1334 2244 1438 2271 d'Enea
1451 2243 1470 2270 il
1483 2244 1531 2270 mi·

339 2304 352 2318 «
367 2302 409 2320 ses
425 2294 496 2320 enim
512 2294 587 2328 quasi
604 2293 778 2320 ainoiscen
788 2301 804 2319 o
815 2301 831 2319 n
843 2292 912 2327 (sic),
957 2290 1062 2326 tografo
1079 2289 1198 2316 africano
1213 2297 1269 2315 non
1282 2296 1343 2315 reca
1359 2287 1530 2323 spiegazione

338 2335 436 2362 «idest
456 2335 600 2371 patriam
624 2335 797 2362 habitans.
843 2342 911 2361 unus
957 2333 1062 2360 alcuna.

340 2387 354 2402 «
366 2378 440 2404 Deus
459 2377 531 2405 enim
548 2384 632 2413 pater,
652 2386 699 2404 rex
717 2377 847 2410 omnium,
869 2385 912 2403 so-
991 2376 1032 2411 (2)
1050 2375 1140 2403 VERG.
1158 2376 1220 2402 Aen.
1240 2375 1262 2406 1,
1280 2373 1341 2407 464.
