1696 2782
352 273 394 305 86
770 277 1114 305 EPISTOLARIO

346 402 508 446 magnifici
533 401 713 435 communis
737 401 898 434 Florentie
921 400 1014 434 titulo
1038 400 1078 434 de
1101 400 1264 434 uberrimo
1287 399 1436 434 facundie
1466 411 1540 435 mee

346 460 434 494 fonte
458 468 636 499 manarunt,
660 458 826 503 quasdam,
851 458 937 492 velut
964 458 1004 491 de
1036 457 1233 492 fertilissimo
1257 469 1374 503 campo
1397 459 1542 492 eminen-

345 519 440 552 tiores
463 518 568 558 flores,
592 518 800 561 excerpserim
824 526 918 561 atque
937 517 970 550 in
990 528 1092 551 unum
1113 517 1260 551 collectas
1279 517 1398 562 ubique
1420 517 1540 561 passim

345 587 468 620 carpere
484 575 680 620 permiserim
699 575 916 620 perlegendas
963 575 1034 616 hec,
1049 575 1240 619 quibusdam
1260 575 1411 617 dimissis,
1427 575 1541 610 omnia

347 633 442 667 verba
462 643 514 667 tua
530 642 613 667 sunt.

434 693 472 726 In
495 691 608 736 quibus
632 691 774 736 quidem,
798 693 847 726 vir
876 692 1030 726 catholice
1062 692 1174 736 virque
1201 692 1423 734 eruditissime,
1450 701 1541 727 tuam

134 759 174 779 Nol
187 759 319 791 pu0‚perehe
346 750 470 794 requiro
489 749 700 793 prudentiam.
747 750 809 791 dic,
827 761 949 794 precor,
969 749 1174 794 querendane
1198 759 1247 783 est
1265 750 1366 795 gloria
1383 751 1418 784 in
1440 751 1529 784 tertis

108 787 133 806 ad
147 793 174 806 un
196 787 293 806 cristiano
308 787 318 805 ὲ

108 813 188 859 3533}
202 813 319 863 :mcxv
346 819 408 851 que
432 819 471 841 ex
495 807 721 842 celebrantium
742 807 873 842 libidine
893 817 924 841 et
947 808 1112 842 voluntate
1131 807 1321 852 dependeat,
1340 820 1381 842 an
1399 808 1542 854 optanda

346 866 450 909 potius
473 866 507 899 in
531 866 605 899 celis
629 877 777 900 mansura
799 875 953 910 perpetuo
972 866 1006 899 in
1025 866 1080 900 illo
1103 867 1277 900 eternitatis
1300 865 1401 908 fonte,
1420 867 1454 901 in
1473 877 1540 912 quo

346 923 416 956 solo
446 923 518 957 licet
550 923 673 957 homini
696 924 824 968 gloriari
835 924 857 956 Ρ·
901 923 960 958 fuit
984 923 1176 964 Gentilium,
1199 935 1282 969 quos
1313 925 1399 959 nosti
1422 933 1540 970 quanta

107 981 320 1032 ffigg’g‘effgffigflfegg
347 981 408 1014 sint
431 981 463 1014 in
489 968 623 1014 cecitate*
641 982 764 1023 versati,
786 981 950 1026 quondam
970 977 1030 1015 hec
1052 982 1232 1026 occupatio,
1252 990 1288 1016 ut
1306 983 1417 1016 omnia
1431 982 1540 1016 solum

107 1035 319 1090 gcxjffl'gss'z‘gvj'ffg
346 1038 446 1082 glorie
470 1039 568 1083 gratia
593 1049 783 1073 conarentur
806 1049 837 1073 et
860 1039 1009 1074 facerent.
1056 1040 1130 1073 hinc
1153 1040 1262 1074 litteris
1281 1040 1494 1085 indulgebant
1507 1049 1541 1075 et

107 1090 135 1117 ¹³¹³
149 1089 212 1109 “⁰¹²³
226 1088 284 1112 ¹⁰¹⁰³
347 1096 386 1129 ad
398 1096 479 1130 hanc
495 1097 599 1131 solum
619 1097 738 1131 sciendi
754 1097 856 1131 studia
870 1097 1108 1132 convertebant.
1156 1099 1245 1132 cuius
1257 1099 1302 1132 rei
1313 1099 1403 1133 testis
1417 1107 1466 1132 est
1484 1099 1540 1134 Ci-

346 1166 428 1188 cero.
474 1154 553 1188 dixit
569 1156 673 1189 enirn:
689 1156 793 1189 honos
814 1156 869 1189 alit
881 1166 961 1190 artes
977 1165 1008 1190 et
1022 1155 1240 1190 incenduntur
1251 1168 1366 1190 omnes
1379 1156 1419 1191 ad
1434 1157 1540 1192 studia

345 1212 446 1255 gloria
458 1213 501 1246 (¹).
547 1213 610 1246 hoc
633 1213 733 1247 facere
753 1214 875 1248 virtutis
895 1225 976 1258 opus
994 1215 1060 1248 suis
1079 1214 1204 1259 decepti
1227 1214 1476 1259 cogitationibus
1487 1226 1538 1249 re-

106 1275 317 1334 }:gggiggggcglfieggi
344 1270 505 1314 putabant.
551 1283 611 1305 nec
634 1271 739 1305 solum
759 1271 822 1305 hoc
845 1282 910 1306 erat
933 1272 1120 1306 hominibus
1143 1284 1342 1317 persuasum,
1365 1273 1422 1308 sed
1449 1273 1538 1308 velut

106 1329 256 1350 mmmm».
344 1328 488 1363 divinum
519 1329 682 1374 quoddam
714 1330 879 1364 oraculum
912 1330 1157 1365 arbitrabantur:
1187 1331 1263 1365 inde
1287 1332 1461 1366 Maroneus
1483 1331 1536 1366 ille

343 1387 493 1432 Iuppiter,
517 1387 612 1422 falsus
636 1389 783 1432 equidem
803 1389 881 1423 deus
900 1389 976 1423 falsa
995 1389 1142 1434 loquen3‚
1161 1390 1230 1423 imo
1249 1390 1331 1424 veris
1349 1389 1428 1424 falsa
1445 1401 1537 1424 com-

343 1446 490 1486 miscens,
515 1447 605 1480 sicuti
629 1458 701 1480 mos
725 1456 772 1480 est
795 1447 986 1488 demonum,
1010 1447 1119 1482 dicens
1142 1448 1319 1482 inducitur:

554 1530 612 1556 Stat
631 1539 679 1556 sua
697 1531 793 1566 cuique
813 1531 883 1563 dies;
902 1531 982 1558 breve
1002 1540 1034 1558 ac
1053 1531 1225 1567 irreparabile
1239 1537 1346 1567 tempus

552 1578 687 1605 Omnibus
706 1585 746 1606 est
764 1580 825 1606 vite.

342 1661 401 1694 hec
423 1662 533 1695 omnia
555 1650 763 1706 proculdubio
787 1674 861 1697 vera
879 1672 954 1698 sunt
973 1673 1005 1697 et
1023 1675 1086 1708 que
1105 1665 1245 1698 sciamus
1263 1664 1298 1698 in
1314 1664 1410 1698 sacris
1425 1663 1535 1698 litteris

122 1705 142 1754 d
341 1730 500 1753 resonare.
546 1721 696 1764 scriptum
721 1730 767 1754 est
787 1722 890 1755 enim:
918 1721 1030 1756 breves
1059 1722 1127 1756 dies
1155 1722 1298 1757 hominis
1323 1732 1354 1756 et
1380 1733 1535 1770 numerus

342 1778 502 1811 mensium
525 1789 656 1812 suorum
681 1779 764 1823 apud
795 1788 826 1812 te
851 1789 906 1813 est.
967 1781 1160 1814 constituisti
1191 1781 1348 1815 terminos
1379 1781 1448 1815 eius
1479 1781 1535 1826 qui

341 1836 480 1879 preteriri
500 1847 565 1869 non
582 1846 716 1880 possunt
728 1837 772 1870 (²).
818 1838 873 1871 sed
889 1838 978 1882 quod
992 1838 1044 1872 ille
1064 1838 1229 1873 subiunxit
1245 1839 1341 1883 plane
1359 1839 1534 1884 speciosius

341 1904 439 1936 quarn
463 1895 566 1928 verius
589 1894 710 1928 dictum
734 1904 791 1929 est.
839 1895 914 1930 dicit
937 1897 1043 1930 enim:

819 1979 865 2006 sed
884 1979 988 2007 famam
1007 1981 1154 2008 extendere
1173 1980 1250 2008 factis

552 2027 610 2054 Hoc
629 2027 734 2055 virtutis
751 2036 819 2064 opus
828 2028 870 2056 (3).

340 2111 427 2155 quod
450 2111 591 2156 quidem,
614 2112 668 2146 ubi
686 2112 759 2147 finis
783 2113 885 2158 glorie
908 2125 976 2148 non
995 2124 1146 2159 queratur
1169 2125 1200 2150 et
1224 2125 1327 2150 cetera
1349 2117 1407 2150 rite
1430 2116 1532 2151 subsi—

340 2179 434 2211 stant,
458 2182 520 2215 que
543 2171 677 2205 reddant
700 2181 787 2206 actus
811 2173 996 2207 mortalium
1019 2174 1191 2215 virtuosos,
1206 2172 1322 2219 vpotest
1344 2187 1414 2209 esse
1433 2176 1532 2210 veris-

392 2281 412 2297 2.
427 2274 457 2297 1.¹
473 2282 557 2298 maner.
573 2276 646 2303 fonte,
669 2283 707 2299 ma
728 2283 799 2306 sopra
819 2278 944 2307 appostovt'
959 2279 979 2300 il
994 2285 1070 2307 tegno
1090 2279 1117 2301 di
1135 2280 1245 2302 scambt'o.
1340 2286 1378 2303 ao.
1397 2278 1427 2302 L¹
1447 2283 1532 2304 omne

340 2314 405 2337 breve
419 2321 445 2337 ac

374 2403 415 2437 (1)
436 2404 497 2431 C1c.
521 2405 591 2433 Tusc.
610 2406 630 2438 Ι,
649 2414 677 2438 11,
696 2414 721 2439 4.
989 2406 1031 2442 (3)
1050 2408 1140 2436 visne.
1159 2410 1223 2437 Aen.
1247 2409 1282 2442 X,
1307 2408 1428 2446 467-69;
1447 2418 1492 2437 mn
1509 2409 1530 2437 il

375 2445 418 2480 (2)
437 2446 486 2473 Ion
505 2447 578 2480 XIV,
599 2456 620 2483 5.
955 2456 1027 2478 testo
1047 2451 1093 2478 nel
1113 2460 1139 2478 v.
1162 2452 1190 2479 1⁰
1209 2458 1296 2480 «et».
