1682 2762
118 397 152 418 Ma
170 397 252 418 lucimi
267 405 304 425 pur

91 425 117 445 dn
126 429 183 452 pane
193 425 212 445 le
223 430 304 445 senten-

90 458 113 472 ze
121 451 183 472 alti-ui
191 459 202 472 e
210 452 228 473 sl
238 459 305 479 venga

91 478 197 499 nll’esnme
211 479 264 499 dena
274 486 304 499 r·-

91 512 205 553 ἷὲῗῖἑῑὲἶῑ
213 512 246 553 ἳῖ
258 505 304 553 εὲἳὲἷ

91 559 154 582 dum.

118 586 151 606 Η·
161 586 180 606 ln
216 587 259 607 esi:
269 592 304 613 per

91 613 162 633 uffieio
194 614 200 633 i
223 614 305 634 rivestir

90 640 111 661 di
129 639 198 660 forme
217 640 304 667 figurate

91 667 106 687 il
119 674 177 690 vero.
193 667 305 687 vel-udolo

90 694 111 714 δ’
126 695 174 721 inge
191 700 242 714 note
273 694 304 714 ln-

91 721 200 744 venziom.
236 721 304 741 nitelae

91 747 147 768 nun·
161 749 181 768 vi
195 748 221 768 ha
239 748 275 768 che
290 747 304 768 il

90 780 152 822 523¹:
164 781 304 822 5:32202‘32

90 835 152 856 posu
165 833 259 849 tratur-e.

118 855 174 883 Ogni
189 862 239 876 cosa
252 855 304 875 divi-

91 889 117 902 na
131 889 144 902 o
160 889 243 907 umam,
259 889 304 910 spe-

90 909 180 930 cumin
189 916 203 930 ο
211 914 303 930 coutem-

91 935 174 964 plain,
194 936 272 957 mor-le
289 943 303 957 ο

90 963 191 987 naturale,
205 963 304 984 scientifi-

90 996 113 1010 ca
124 997 137 1010 ο
147 990 261 1014 miticinle,
272 997 304 1011 cn-

91 1017 116 1037 de
131 1017 213 1045 dunque
223 1017 257 1038 nel
267 1018 304 1038 do-

90 1045 155 1064 minio
162 1044 216 1065 dell:
224 1045 304 1072 poesin.

117 1070 148 1091 Or
162 1078 221 1092 :ome
235 1072 252 1092 si
262 1072 304 1099 pud

90 1103 214 1119 retumeme
240 1100 303 1126 etpri-

89 1131 145 1145 mere
169 1125 204 1146 cio
227 1126 265 1146 che
287 1127 304 1146 ni

90 1151 180 1179 ignora?

120 1329 160 1350 Chi
176 1331 235 1357 potr&
255 1330 304 1351 dirsi

91 1356 180 1384 perfeeto
203 1363 304 1383 gramma-

91 1384 142 1408 tico.
158 1384 239 1411 quaudo
260 1391 304 1404 uon

92 1417 184 1432 couosca
198 1411 204 1431 i
221 1412 304 1432 termini

91 1439 112 1459 di
127 1443 180 1458 tutte
195 1437 214 1458 le
229 1444 278 1459 cose
293 1445 304 1458 e

91 1466 111 1486 dl
121 1470 176 1486 tutte
190 1465 209 1485 le
224 1466 304 1486 neienze

90 1499 162 1540 ι’,ἶέἳιῖ
168 1498 245 1539 εἷ’ἕέἷῖὲ
253 1499 305 1546 ἐξὲξ

90 1552 134 1567 nne
145 1546 171 1566 ed
181 1546 230 1573 ogni
239 1547 303 1566 scien-

90 1580 113 1594 ιι
121 1573 228 1597 cominu
239 1580 251 1593 ο
259 1580 304 1600 per-

90 1600 304 1627 fenum-:ormun-

89 1628 117 1648 do
131 1634 174 1648 non
188 1628 258 1654 uppi-
272 1627 303 1647 dir

90 1660 147 1675 tutto
162 1655 187 1701 ἐπὶ
205 1655 265 1682 guin
278 1654 304 1674 dn

115 1688 162 1702 rsu-
176 1688 221 1705 ere;
237 1688 250 1701 0
286 1688 303 1701 r-

112 1714 143 1729 tto
170 1714 238 1735 poeta.
261 1688 303 1729 gen

90 1743 133 1756 non
144 1737 210 1756 τίεις-,ι
224 1742 236 1756 ι
250 1735 303 1755 rive-

77 1782 82 1785 .
89 1764 128 1810 atiir
141 1762 247 1810 qai-alpinis
255 1769 304 1782 cosa

133 1797 150 1811 n
167 1797 178 1810 ι
198 1796 209 1809 e
246 1796 303 1810 orme

90 1817 127 1837 che
168 1817 303 1837 uuenndano

90 1849 147 1864 sotto
167 1850 194 1863 un
216 1843 304 1871 figur-to

90 1876 195 1892 ami-namo
201 1870 221 1890 1ι
227 1870 303 1890 fulti?

116 1898 145 1918 La
160 1897 247 1918 filosofi:
259 1905 303 1925 per-

89 1930 149 1945 unte
160 1925 179 1945 ιΙ
192 1926 235 1952 pari
249 1925 303 1945 della

124 1953 284 1979 'uriaprudenz·.

88 1980 113 2000 de
123 1979 303 2004 inmedicina,d=1-

89 2006 108 2027 le
115 2007 154 2027 mi
163 2006 302 2032 nece-nictu,

89 2040 132 2054 non
146 2033 196 2054 deve
209 2041 256 2055 ner
270 2040 303 2054 ιε-

88 2061 142 2088 greti
153 2067 189 2088 per
202 2061 217 2081 ί1
232 2066 300 2087 poeta.

115 2097 181 2117 Fors:
191 2097 228 2118 che
236 2104 248 2117 ι
256 2096 302 2117 Vir-

89 2124 140 2151 gilio
154 2125 228 2145 manco
241 2124 261 2144 ln
269 2131 302 2144 co-

88 2151 184 2178 guizione
194 2151 248 2172 delle
259 2151 302 2178 leg-

88 2181 126 2208 gi?

332 270 398 302 494

757 266 1105 294 EPISTOLARIO

400 392 465 426 Sed
500 392 669 426 omittatur
704 392 811 425 omnis
841 392 1013 425 auctoritas
1046 401 1078 426 et
1109 392 1148 426 ad
1178 393 1349 434 rationem,
1372 404 1435 438 qua
1463 393 1537 428 fun-

333 451 448 485 dantur
474 450 558 491 talia‚
593 450 772 483 veniamus.
820 450 1040 484 sermocinalis
1072 451 1204 484 scientie
1231 462 1302 495 pars
1326 461 1374 485 est
1397 452 1535 495 poetica,

333 510 422 543 cuius
445 509 610 553 proprium
635 517 683 542 est
707 508 840 542 metrico
866 507 991 542 dicendi
1011 520 1130 552 genere
1154 507 1356 554 figuratoque
1384 521 1536 544 sermone

331 568 363 601 in
389 567 506 600 cortice
531 566 705 600 verborum
730 578 833 600 unum
859 566 1028 600 ostendere
1051 576 1083 600 et
1106 566 1191 600 aliud
1221 567 1383 602 sumendo
1407 579 1457 601 res
1481 578 1537 603 aut

333 624 428 658 verba
451 635 510 669 pro
533 623 628 658 rebus
653 623 721 657 aliis
746 633 840 669 atque
868 623 974 658 verbis
1003 624 1188 659 medullitus
1212 625 1385 669 importare
1394 637 1404 666 ;
1431 634 1463 659 et
1487 626 1536 660 ni·

332 682 394 716 chil
414 691 462 716 est
485 681 574 727 quod
597 691 694 727 poeta
718 694 785 716 non
811 683 912 727 possit
940 682 1000 716 hac
1025 683 1282 717 commutatione
1307 683 1480 718 verborum
1503 692 1536 717 et

331 753 439 775 rerum
469 741 535 774 suis
569 740 767 775 carminibus
798 750 998 785 pertractare.
1059 750 1173 775 cuncta
1204 753 1267 786 que
1302 741 1364 775 dici
1397 751 1535 787 possunt

331 800 429 845 igitur
452 809 527 834 sunt
550 800 684 833 materia
703 809 873 844 poetarum
892 800 960 833 sive
980 800 1090 834 divina
1109 800 1178 834 sive
1202 800 1344 834 humana
1367 801 1442 842 sint,
1467 801 1535 835 sive

332 858 536 903 speculabilia
554 858 622 891 sive
639 858 902 903 contemplativa,
914 858 982 892 sive
998 859 1164 899 naturalia,
1181 870 1244 904 que
1263 858 1396 904 physica
1412 859 1535 901 dicunt,

331 919 398 952 sive
422 918 567 959 moralia,
587 930 650 963 que
670 917 820 952 dicuntur
839 918 952 959 activa,
977 918 1045 952 'sive
1064 918 1238 952 scientifica
1257 920 1325 953 sive
1349 918 1536 960 artificialia,

331 986 366 1011 ut
379 977 577 1022 nichilquod
589 976 715 1010 dicibile
727 977 767 1011 sit
787 976 826 1011 ab
842 976 963 1011 ambitu
979 978 1106 1021 poetice
1123 978 1255 1012 materie
1274 979 1375 1022 possit
1394 977 1535 1013 excludi.

332 1048 418 1070 nunc
434 1045 543 1070 autem
558 1035 727 1080 quomodo
744 1047 917 1080 possumus
929 1045 1014 1069 recte
1032 1035 1138 1070 dicere
1157 1047 1220 1081 que
1235 1036 1422 1071 nescimus?
1460 1048 1536 1081 pro-

332 1093 466 1128 babilius
486 1103 606 1134 autem,
631 1106 735 1138 neque
754 1102 863 1128 tamen
889 1106 1015 1136 verum,
1030 1104 1066 1128 ut
1080 1094 1211 1129 Tullius
1233 1095 1349 1140 inquit,
1369 1094 1459 1140 quod
1474 1095 1536 1130 So-

332 1161 432 1186 crates
457 1152 560 1187 dicere
585 1152 718 1192 solebat,
739 1164 855 1186 omnes
877 1153 911 1186 in
943 1164 983 1186 eo
1007 1153 1095 1198 quod
1118 1153 1236 1188 scirent
1260 1154 1335 1188 satis
1362 1165 1433 1188 esse
1466 1154 1535 1189 elo-

331 1219 487 1255 quentes3
511 1210 589 1245 illud
622 1211 729 1245 verius
760 1223 866 1256 neque
904 1223 1090 1256 quenquam
1125 1212 1157 1245 in
1197 1223 1236 1246 eo
1270 1211 1427 1247 disertum
1465 1223 1535 1247 esse

332 1282 427 1315 posse
443 1269 531 1314 quod
547 1270 721 1304 nesciat<¹).
765 1271 895 1315 patiare,
910 1282 1032 1315 precor,
1049 1280 1081 1304 et
1097 1282 1137 1304 ne
1156 1270 1320 1305 relucteris
1335 1271 1535 1316 apertissime

332 1329 475 1370 veritati3
508 1328 634 1363 nullum
657 1340 771 1362 verum
796 1338 828 1362 et
851 1338 1082 1363 consumatum
1105 1340 1174 1363 esse
1193 1330 1455 1374 grammaticum,
1478 1331 1534 1375 qui

331 1399 436 1421 rerum
465 1396 498 1421 et
527 1387 735 1421 scientiarum
762 1396 857 1432 atque
891 1387 1005 1421 artium
1037 1387 1188 1421 omnium
1211 1388 1369 1422 terminos
1400 1389 1534 1430 nesciat,

331 1450 450 1495 quique
474 1461 618 1494 congrue
642 1461 710 1483 non
739 1451 842 1494 possit
872 1447 980 1494 eloqui
1002 1449 1154 1495 quicquid
1185 1462 1378 1496 quecunque
1401 1451 1536 1485 scientia

332 1508 470 1553 disputat
494 1517 527 1542 et
549 1508 580 1542 in
603 1518 669 1542 arte
688 1519 879 1553 quacunque
903 1507 1018 1542 dicitur
1044 1517 1076 1542 et
1099 1518 1259 1550 versatur;
1276 1521 1337 1543 nec
1356 1519 1535 1552 oratorem,

330 1567 384 1611 qui
396 1576 509 1600 cuncta
522 1577 590 1600 non
606 1576 713 1611 potest
727 1566 873 1610 apposite
889 1565 1003 1607 dicere,
1017 1578 1083 1611 quo
1095 1566 1285 1611 persuadeat
1291 1569 1375 1608 3'nec
1390 1578 1534 1613 poetam,

330 1625 384 1670 qui
410 1626 512 1659 nescit
545 1626 588 1659 sic
619 1626 731 1659 omnia
756 1634 968 1666 commutare,
992 1625 1080 1670 quod
1111 1637 1214 1659 unum
1239 1635 1351 1660 ornate
1379 1626 1481 1671 fingat
1503 1637 1536 1662 et

331 1683 417 1718 aliud
439 1683 620 1718 secundum
635 1684 804 1718 veritatem
819 1683 955 1718 latenter
973 1683 1128 1718 intendat.
1176 1696 1236 1718 nec
1251 1684 1446 1730 dedignetur
1466 1686 1536 1731 ipsa

1565 642 1582 675 5

1567 933 1608 957 10

1567 1225 1606 1259 ¹5

1562 1515 1606 1540 20

331 1742 535 1788 philosophia
550 1742 638 1787 quod
652 1743 741 1776 Deus
758 1754 867 1777 rerum
883 1742 1032 1776 omnium
1052 1742 1202 1776 conditor
1217 1754 1284 1777 non
1304 1753 1441 1790 recusat,
1454 1755 1535 1789 poe·
1565 1745 1571 1749 ’

330 1802 392 1835 tice
416 1801 547 1842 scilicet,
564 1802 595 1834 in
616 1810 774 1845 quantum
789 1811 837 1835 est
857 1800 983 1835 dicibile
1003 1801 1269 1843 commutatione,
1289 1813 1387 1846 quam
1406 1801 1467 1836 hec
1483 1813 1534 1837 ars

331 1858 470 1900 adhibet,
490 1858 655 1893 subiacere
663 1872 672 1900 ;
704 1871 764 1892 nec
795 1858 945 1893 excludas
970 1871 988 1892 a
1011 1858 1210 1904 professione
1240 1861 1366 1904 poetice
1389 1860 1478 1906 leges
1502 1870 1535 1896 et

331 1917 526 1951 medicinam
558 1927 589 1951 et
624 1917 887 1951 mechanicarum
919 1918 1015 1952 etiam
1051 1919 1201 1953 omnium
1223 1920 1392 1953 rationem.
1439 1920 1534 1965 plane

330 1975 461 2021 quidem
481 1975 576 2010 debet
594 1986 688 2009 verus
713 1986 807 2020 poeta
830 1976 919 2021 leges
939 1988 1125 2021 agnoscere.
1166 1978 1236 2012 sine
1259 1978 1379 2012 noticia
1396 1978 1531 2024 quidem

330 2034 451 2080 legum,
475 2046 538 2079 que
557 2034 674 2068 volunt
697 2035 889 2079 intempesta
913 2044 1010 2069 nocte
1030 2035 1116 2069 diem
1139 2036 1281 2081 incipere
1292 2037 1339 2078 (²),
1357 2037 1528 2082 quomodo

331 2092 460 2126 lelSSCt
479 2092 632 2137 Vlrglhus
644 2118 650 2125 Ι
686 2143 795 2174 torquet
812 2138 916 2165 medios
934 2138 998 2166 Nox
1017 2138 1131 2166 humida
1150 2148 1244 2167 cursus

543 2187 577 2214 Et
596 2195 641 2214 me
661 2195 741 2214 sevus
760 2187 837 2223 equis
857 2187 958 2215 Oriens
977 2187 1078 2215 afflavit
1097 2188 1269 2216 anhelis?(³)

385 2278 403 2293 ι.
419 2270 455 2294 M²
465 2270 498 2294 θ’
512 2270 646 2294 omittantur

328 2318 363 2334 21.
378 2310 416 2333 Μ’
430 2315 496 2340 poeta

727 2279 765 2295 ao.
780 2272 826 2294 Per
839 2271 924 2295 dicitur
937 2271 995 2295 tani
1006 2272 1080 2301 sone
1098 2273 1130 2295 da
1147 2274 1247 2302 legger-e
1264 2272 1361 2296 discitur
1397 2273 1434 2297 Μ’
1453 2278 1532 2298 mutor

550 2318 588 2341 ²7-
604 2310 641 2334 Μ2
656 2311 757 2335 ratione·

364 2408 407 2442 (1)
428 2407 491 2435 Cic.
510 2407 550 2434 De
568 2411 631 2435 orat.
651 2407 672 2440 Ι,
691 2415 751 2435 xxv.

365 2451 406 2485 (2)
427 2449 601 2478 CfiMAcnon
616 2450 742 2484 Sat.1,m,
753 2450 906 2485 10-15,ov'e

952 2408 1036 2434 citato
1054 2413 1151 2443 questo
1171 2414 1258 2435 stesso
1276 2408 1359 2444 luogo
1378 2408 1529 2445 virgiliano.

988 2450 1029 2485 (3)
1048 2450 1138 2478 me.
1158 2452 1223 2478 Aen.
1242 2450 1277 2484 V,
1297 2451 1412 2487 73⁸·39·

1562 1807 1603 1841 25

1561 2099 1604 2132 30
