1708 2774
122 556 155 569 run
169 556 195 570 vn
215 549 328 573 bissinum,

121 583 168 600 ove,
183 577 304 603 capriceion
318 582 329 595 e

122 603 204 626 lasciva,
213 603 230 622 si
241 603 306 634 pieghi
317 609 328 622 ι

122 630 223 656 lusingnre
241 636 247 648 ι
267 629 326 649 κηεί,

148 780 181 801 Gli
191 779 282 807 Spartani
293 786 327 806 per

121 812 191 839 questo
218 807 326 827 esiliarono

120 834 154 887 {33
166 833 326 880 ss25?2.“¹¹‘¹“¹³

144 1242 175 1262 Or
186 1249 227 1262 non
240 1241 325 1262 essendo

119 1269 138 1289 Ιι
147 1270 222 1289 musica
230 1269 326 1288 moderna

118 1295 175 1316 forne
183 1296 202 1315 di
209 1296 286 1322 vigore,
294 1301 326 1314 mn

117 1323 173 1342 bens}
188 1323 207 1342 di
226 1322 326 1342 effemina-

117 1354 182 1374 teu-¹3

117 1599 138 1613 te
161 1593 202 1625 egli
227 1593 323 1625 tantolri

117 1626 218 1647 compute
239 1627 259 1640 m
273 1620 323 1640 Gno-

117 1653 182 1666 vnnun
191 1647 263 1673 perche
276 1647 323 1667 dnn-

117 1679 140 1692 ιι
162 1679 173 1692 e
197 1680 268 1697 suom,
291 1674 323 1693 εἰὸ

116 1700 324 1747 &grew-222¹:

117 1758 141 1772 si.

144 2106 184 2131 Mn,
199 2113 234 2133 per
243 2107 324 2128 conclu-

117 2133 172 2157 dere,
186 2133 324 2160 dev'eglitro-

116 2166 163 2180 vare
180 2159 194 2179 n
215 2166 252 2180 suo
268 2167 323 2187 mag-

117 2187 162 2232 βίοτ
184 2186 255 2207 diletto
281 2188 323 2207 nel-

133 2219 188 2233 nmnr
210 2220 258 2234 tou
285 2219 323 2234 ter-

116 2245 163 2259 ren·
174 2239 184 2259 ἶ

364 293 403 324 16
774 295 1116 324 EPISTOLARIO

359 424 435 457 dum
458 425 686 467 missarumque
710 422 864 456 solemnia
883 422 1053 466 recepisse;
1074 433 1147 466 que,
1167 421 1193 454 si
1209 421 1294 454 notis
1309 419 1419 454 solidis
1431 430 1463 454 et
1477 421 1546 454 sine

359 482 515 516 biscantus
539 481 743 515 lubricatione
766 480 1012 524 notularumque
1035 478 1190 513 fractione
1222 488 1376 520 sumatur,
1404 478 1546 512 dulcedi-

356 552 431 574 nem
455 551 546 573 suam
569 539 677 579 habet;
701 538 756 572 sed
780 550 846 571 non
872 538 932 578 illa,
957 549 1055 582 quam
1079 537 1287 571 saltationum
1310 538 1410 581 exigit
1431 538 1547 571 iocun-

355 599 434 632 ditas
458 608 488 631 et
511 598 619 631 levitas
643 597 842 630 saltatorum:
868 597 918 630 cui
940 596 1083 640 quidem,
1095 597 1122 630 si
1138 596 1265 630 ternarii
1284 596 1335 629 vel
1354 596 1546 640 quaternarii

354 668 419 690 non
443 657 653 699 coniungatur
676 654 826 688 velocitas
851 664 943 699 atque
972 663 1113 702 ruptura,
1139 655 1294 699 corruptis
1323 663 1355 688 et
1377 654 1544 688 lascivien-

353 715 435 749 tibus
459 713 600 747 moribus
624 713 668 747 nil
696 713 886 747 auctoritatis
910 712 1016 757 nilque
1043 712 1146 746 laudis
1171 712 1271 747 datur.
1318 712 1429 746 habuit
1456 712 1546 746 enim

354 782 474 806 tantam
489 783 596 805 curam
611 771 696 815 prlor
707 771 821 805 Grecia
839 771 1012 805 severitatis
1031 771 1065 804 in
1091 772 1213 804 musica
1231 780 1420 815 tantamque
1440 780 1546 805 custo-

353 830 449 870 diam,
465 828 562 874 quod,
581 840 654 863 cum
672 829 754 873 apud
774 829 1026 869 Lacedemonas,
1042 829 1096 873 qui
1115 829 1214 863 serius
1233 829 1371 874 corrupti
1385 839 1547 870 sunt,ser-

352 888 431 921 vatis
447 887 580 931 legibus,
594 898 671 931 quas
687 887 853 931 Lycurgus
867 886 1006 920 ediderat
1020 887 1203 931 civiumque
1216 898 1351 922 suorum
1363 887 1546 922 iuramento

352 955 382 979 et
397 945 491 979 exilio
507 957 565 978 suo
577 944 766 985 firmaverat,
782 954 855 988 post
872 946 1057 979 Gortinium
1073 945 1256 986 Talethem‚
1271 945 1337 990 qui,
1350 946 1455 980 multo
1468 957 1545 980 con-

352 1003 463 1037 ductus
487 1004 602 1047 precio,
626 1003 803 1047 simplicem
827 1004 981 1037 musicam
1007 1001 1091 1048 apud
1115 1015 1171 1037 eos
1203 1003 1323 1046 docuit,
1348 1004 1546 1039 Timotheus

353 1061 493 1095 Milesius
517 1073 617 1095 unum
641 1072 776 1094 nervum
803 1061 942 1094 adiciens
971 1061 1230 1106 multipliciorem
1254 1063 1412 1096 musicam
1441 1062 1545 1097 reddi-

353 1119 458 1160 disset,
476 1119 602 1163 publico
621 1119 737 1160 edicto,
750 1121 840 1164 quasi
860 1129 1025 1164 corruptor
1043 1129 1075 1153 et
1087 1120 1250 1154 emollitor
1265 1121 1462 1162 animorum,
1477 1130 1546 1156 tom

352 1178 490 1211 Laconia
514 1177 570 1212 fuit
594 1178 741 1222 expulsus
761 1178 805 1211 (¹).
852 1178 908 1212 sed
932 1190 1087 1223 quorsum
1111 1179 1171 1213 hec
1194 1188 1261 1213 tam
1285 1180 1387 1214 multa
1409 1179 1449 1214 de
1473 1192 1545 1215 mu-

352 1236 441 1268 sica?
485 1244 567 1270 certe
602 1246 636 1269 ut
661 1247 838 1280 cognoscas
868 1237 1054 1277 excitandis,
1084 1249 1154 1271 non
1177 1237 1400 1273 effeminandis
1429 1238 1545 1272 animis

353 1294 391 1326 ab
413 1294 503 1327 initio
527 1295 681 1327 musicam
701 1306 769 1328 esse
792 1294 952 1328 laudatam
971 1305 1067 1340 atque
1085 1306 1262 1340 receptam;
1282 1307 1314 1331 et
1333 1297 1427 1338 hanc,
1446 1309 1545 1343 quam

353 1352 513 1386 delicatior
536 1361 599 1385 etas
619 1361 736 1393 nostra,
756 1362 900 1397 serpente
918 1354 1071 1397 paulatim
1095 1354 1228 1396 luxuria,
1248 1355 1349 1401 vulgo
1371 1357 1496 1390 invexit
1513 1366 1546 1391 et

353 1410 485 1451 affectat,
511 1410 630 1444 nedum
654 1422 719 1444 non
744 1411 912 1445 honestam
936 1423 1017 1453 esse,
1040 1412 1097 1447 sed
1123 1413 1250 1457 penitus
1279 1414 1486 1449 inhonestam
1512 1424 1545 1450 et

351 1480 446 1512 quam
464 1468 516 1502 illa
531 1470 684 1502 virtutum
699 1469 818 1514 regula,
839 1482 901 1514 que
918 1471 1061 1504 medium
1077 1472 1180 1516 querit
1199 1472 1283 1506 inter
1293 1484 1438 1518 asperam
1452 1485 1544 1509 seve-

349 1526 472 1559 ritatem
496 1525 743 1571 effluentemque
766 1527 952 1568 molliciem,
980 1540 1041 1562 nec
1069 1529 1199 1574 recipiat
1221 1542 1282 1564 nec
1305 1530 1461 1566 admittat.
1506 1541 1543 1567 tu

350 1592 466 1623 autem,
483 1584 527 1616 mi
550 1585 729 1628 Peregrine‚
747 1584 830 1619 hanc
850 1595 938 1619 tuam
961 1586 1213 1622 laudatissimam
1228 1589 1421 1630 Iohannam,
1444 1601 1544 1635 quam

350 1640 444 1674 audio
462 1640 637 1676 formosam
660 1643 797 1687 satisque
821 1654 990 1678 venustam
1009 1654 1103 1690 atque
1120 1646 1268 1688 facetam,
1284 1649 1368 1681 inter
1379 1657 1493 1683 cantus
1511 1657 1544 1684 et

350 1699 440 1733 tibias
463 1700 629 1734 saltantem
659 1713 746 1735 amas
777 1712 871 1747 atque
895 1704 1035 1745 miraris;
1060 1714 1092 1738 et
1114 1706 1197 1739 inter
1223 1705 1315 1740 fucos
1347 1717 1379 1741 et
1410 1717 1543 1742 omanis

351 1767 511 1802 comptam
527 1768 620 1803 atque
639 1759 772 1803 politam
790 1760 910 1806 gaudes
929 1763 1034 1806 specie
1055 1772 1087 1796 et
1102 1763 1315 1807 pulcritudine
1338 1776 1396 1799 sua
1412 1775 1543 1802 cuncus

352 1815 424 1849 alias
443 1828 601 1861 superare;
617 1817 735 1862 gaudes
750 1819 838 1863 quod
861 1832 928 1854 non
947 1821 987 1854 sit
1009 1833 1139 1865 procax,
1163 1822 1253 1867 quod
1276 1824 1389 1858 oculos
1412 1825 1542 1860 nonnisi

351 1873 485 1908 honesto
504 1875 605 1909 vibret
623 1876 750 1918 intuitu,
764 1877 852 1922 quod
867 1887 898 1912 te
918 1879 969 1912 vel
985 1880 1086 1914 semel
1103 1889 1173 1914 toto
1189 1893 1276 1916 anno
1288 1883 1451 1927 respiciat:

544 1960 570 1988 O
587 1970 663 1989 curas
682 1962 836 1996 hominum,
855 1970 986 1999 quantum
1001 1971 1042 1992 est
1059 1965 1088 1992 in
1107 1966 1187 1994 rebus
1205 1966 1285 1995 inane
1299 1967 1352 1995 l(²)

350 2044 428 2085 imo,
443 2056 510 2079 non
529 2046 562 2079 in
578 2046 679 2088 rebus,
700 2047 755 2081 sed
775 2049 808 2082 in
827 2049 986 2084 mentibus
1007 2049 1198 2086 hominum!

416 2101 500 2147 Ergo
520 2112 563 2144 tu,
579 2113 618 2138 'ut
633 2104 801 2150 aliquando
821 2107 1030 2149 concludam
1046 2109 1125 2143 nolo
1140 2110 1272 2154 quidem
1288 2123 1342 2146 me
1357 2123 1415 2157 per
1429 2113 1541 2149 omnia

350 2158 489 2200 dilatare;
514 2160 684 2196 honesturn
708 2172 798 2207 putas
823 2164 862 2198 ad
886 2165 984 2199 animi
1002 2168 1234 2202 recreationem
1248 2181 1344 2214 super
1361 2171 1475 2205 omnia
1486 2171 1541 2207 ali-

349 2227 444 2260 quam
467 2217 596 2262 diligere
616 2221 813 2255 creaturam?
858 2234 936 2267 ergo
961 2233 1033 2257 tuus
1051 2224 1105 2258 ille
1128 2225 1244 2259 nobilis
1259 2227 1451 2270 intellectus,
1463 2240 1540 2264 cum

350 2273 461 2308 dantur
483 2276 646 2320 agibilium
669 2278 752 2321 ferie,
771 2280 806 2314 in
829 2293 893 2315 una
912 2280 1062 2326 defigitur
1083 2283 1230 2326 muliere,
1259 2286 1293 2319 in
1319 2298 1392 2331 qua,
1416 2298 1486 2322 non
1508 2297 1540 2322 te

402 2380 425 2402 9.
441 2373 495 2396 Cod.
509 2374 610 2404 ligur-gns
679 2383 713 2399 ιο.
729 2378 784 2400 Cod.
799 2378 900 2402 firmabat
910 2392 922 2396 -
932 2380 1061 2409 gordinium

386 2463 428 2500 (1)
444 2465 485 2493 Cf.
505 2466 591 2495 Bou-r.
610 2469 666 2497 Inst.
686 2479 747 2498 mus.
767 2471 788 2504 1,
810 2480 832 2499 1.
997 2474 1040 2510 (2)
1059 2475 1142 2503 Pizus.
1160 2477 1215 2505 Sat.
1233 2477 1256 2511 1,
1272 2486 1295 2505 r.

1577 954 1616 978 10

1578 1245 1614 1279 ¹5

1570 1838 1611 1872 25

1569 2189 1612 2223 30
