1696 2782
78 959 118 984 10

77 1249 114 1283 ¹5

71 1538 114 1562 20

417 304 465 331 DI
500 304 764 332 COLUCCIO
799 287 1086 332 SALUTATIJ
1301 306 1341 339 95

148 425 364 460 retributionis
388 425 523 466 honore,
547 427 626 467 imo,
649 438 716 471 quo
738 427 844 461 verius
868 427 990 471 loquar,
1009 427 1090 461 adeo
1111 427 1208 471 digna
1230 427 1343 468 reddit,

148 484 236 529 quod
260 496 327 518 non
354 485 476 529 possint
507 485 647 519 mortalis
678 495 819 519 creature
849 486 1160 520 remunerationibus
1183 485 1342 531 adequari,

147 542 409 588 quandoquidem
439 555 506 577 non
536 553 645 577 nostra
673 553 749 578 sunt
783 555 891 588 opera,
921 545 979 579 sed
1010 545 1117 589 potius
1153 545 1214 579 Dei
1246 545 1342 580 dona.
1371 554 1541 602 ὶίοῗιᾶἓέωιω
1551 555 1585 576 do'

148 602 267 635 scimus
297 610 379 646 quot
400 610 432 635 et
455 610 573 646 quanta
600 601 743 636 tribuerit
772 602 846 636 huic
875 603 1042 637 communi
1071 613 1184 637 nostro
1207 602 1344 637 domino
1483 597 1489 607 ’

147 659 297 692 omnium
315 670 423 693 rerum
441 668 564 693 creator
583 660 683 700 Deus,
701 668 823 704 quanto
841 671 938 694 suum
956 660 1154 695 intellectum
1173 660 1344 706 splendore
1371 670 1399 698 ευ
1407 671 1490 718 ιιιιᾱιωί
1493 671 1512 692 1·
1517 673 1584 719 ἕξεω-

146 717 277 750 scientie
293 716 514 758 clammeecit,
530 717 585 761 qui
600 717 660 751 sibi
677 717 799 751 dederit
813 719 977 762 utriusque
993 719 1069 752 iuris
1083 718 1284 763 prudentiam
1297 719 1342 760 (¹),
1371 704 1516 776 {³333
1526 706 1584 746 diff:

146 784 245 818 quam
267 785 335 808 non
359 773 516 808 dubitavit
545 775 774 809 sacratissimus
803 775 987 820 imperator,
1010 777 1080 810 sive
1110 777 1216 821 potius
1240 776 1344 811 erudi-

146 832 289 866 tissimus
309 842 403 877 atque
420 833 468 866 vir
484 834 625 877 optimus
639 833 795 878 Ulpianus
814 843 888 867 ante
905 834 1020 878 ipsum,
1038 845 1144 868 rerum
1161 834 1342 869 divinarum
1371 845 1475 893 ‘'502⁸‘ss
1493 847 1584 879 aomin-

145 899 179 924 et
197 890 411 924 humanarum
434 891 599 932 noticiam,
616 892 688 925 iusti
709 900 803 936 atque
827 891 935 926 iniusti
959 893 1126 926 scientiam
1149 892 1285 927 diffinire
1297 893 1342 928 (²).
1370 879 1584 953 &Ligu-23:¹95&

145 959 208 993 que
231 948 301 983 sola
323 948 394 990 dos,
417 949 514 983 etiam
537 950 563 983 si
586 949 684 983 nichil
707 949 849 992 addatur,
865 959 912 984 est
928 951 1084 985 virtutum
1103 952 1252 985 omnium
1273 964 1343 996 per·
1370 953 1391 973 ⁶¹
1405 954 1456 980 ⁰⁸⁵⁵
1470 954 1532 979 '¹¹¹⁶-

144 1005 318 1041 fectissima
349 1016 450 1040 mater
480 1016 512 1041 et
545 1017 668 1042 certum
697 1017 752 1042 aut
785 1008 1050 1042 incommutabile
1082 1009 1342 1044 fundamentum.

145 1076 213 1099 non
236 1074 346 1099 tamen
369 1065 441 1106 illis,
464 1065 519 1110 qui
541 1065 751 1100 solummodo
774 1066 861 1111 leges
884 1067 1000 1108 sciunt,
1020 1067 1130 1111 quales
1154 1067 1273 1102 multos
1297 1069 1343 1102 vi-

145 1121 271 1164 demus,
286 1123 342 1157 sed
363 1123 423 1157 illis
442 1124 547 1168 potius
563 1124 616 1169 qui
636 1124 760 1169 legibus
779 1125 906 1166 vivunt,
921 1125 1051 1170 qualem
1069 1125 1156 1159 hunc
1170 1125 1342 1160 dominum

144 1190 291 1215 nostrum
322 1182 549 1226 cognoscimus
575 1191 671 1226 atque
694 1182 823 1216 scimus.
877 1194 952 1216 nam
983 1183 1094 1228 legalis
1124 1183 1246 1218 iusticia
1275 1196 1342 1218 non

143 1239 251 1274 solum
282 1240 374 1274 unica
406 1241 505 1274 virtus
531 1249 591 1281 est,
614 1239 672 1274 sed
698 1251 814 1275 omnes
836 1241 980 1282 virtutes,
1002 1253 1065 1286 que
1089 1251 1223 1276 cunctos
1254 1253 1341 1276 mor-

142 1297 255 1332 talium
278 1307 366 1332 actus
389 1298 422 1332 in
446 1297 567 1332 bonum
592 1298 776 1344 publicum;
794 1298 883 1344 quod
901 1299 1000 1343 longe
1019 1299 1159 1334 divinius
1175 1309 1223 1334 est
1241 1312 1339 1345 quam

141 1354 322 1399 privatum3
340 1354 447 1399 dirigit
469 1364 501 1389 et
518 1355 655 1389 intendit
662 1368 672 1396 ;
687 1367 785 1401 quam
805 1366 872 1390 non
891 1355 1048 1390 dubitavit
1070 1357 1338 1402 philosophorum
1367 1369 1581 1416 &mun-1.

141 1412 288 1457 princeps
319 1412 586 1457 preclarissimam
616 1413 772 1448 virtutum
804 1414 954 1448 omnium
984 1414 1151 1459 appellare,
1175 1424 1211 1450 ut
1233 1427 1339 1461 neque
1367 1422 1465 1444 duw-
1478 1397 1579 1444 ’ζωμ-

142 1469 305 1516 Hesperus
328 1481 432 1515 neque
456 1469 581 1505 Lucifer
603 1472 646 1505 ita
669 1471 711 1505 sit
736 1470 946 1513 admirabilis;
971 1472 1021 1507 vel
1052 1482 1088 1507 ut
1117 1473 1214 1508 habet
1235 1473 1338 1519 prima

141 1527 320 1562 translatio:
340 1529 460 1563 etenim
478 1529 595 1563 iustitia
612 1528 743 1574 quidem
763 1529 796 1564 in
812 1529 999 1564 hominibus
1022 1539 1071 1565 est
1093 1531 1215 1565 iustum
1238 1542 1337 1577 agens

140 1585 188 1619 eis
210 1594 243 1620 et
264 1597 305 1619 ex
328 1586 391 1620 hoc
414 1585 516 1620 modo
538 1596 666 1631 putatur
688 1586 730 1621 de
752 1587 886 1628 iusticia,
909 1587 998 1633 quod
1025 1589 1093 1633 ipsa
1111 1589 1152 1622 sit
1174 1588 1338 1634 perfectis-

140 1642 223 1677 sima
238 1645 392 1679 virtutum
411 1644 579 1690 agentium
597 1654 629 1679 et
649 1644 785 1679 utillima
799 1656 910 1680 earum
929 1656 962 1680 et
981 1647 1122 1681 maxime
1137 1647 1278 1692 placens,
1294 1648 1338 1682 ita

140 1709 176 1735 ut
199 1702 302 1746 magis
325 1702 446 1746 placeat
465 1703 532 1747 ipsa
549 1713 647 1748 quam
662 1703 750 1738 sidus
771 1704 904 1738 Veneris
920 1705 1116 1739 matutinum
1134 1707 1242 1740 oriens
1261 1717 1336 1740 cum

140 1759 209 1794 sole
223 1769 255 1794 et
269 1762 489 1805 vespertinum
513 1761 664 1796 occidens
683 1773 759 1796 cum
777 1762 847 1807 ipso
858 1762 903 1795 (¹).
946 1774 986 1797 ex
1009 1774 1075 1808 quo
1094 1775 1162 1798 non
1186 1763 1336 1798 diffinivit

197 1873 233 1894 ¹⁴·
247 1865 278 1888 ι’
293 1867 370 1890 mriti-

140 1910 219 1928 ai-aa.
234 1904 263 1928 ι’
279 1905 402 1930 indam

441 1867 515 1897 15-16.
531 1866 560 1891 ι’
581 1867 670 1890 cuaeth
689 1870 792 1891 mun
812 1868 838 1891 ln
858 1872 954 1891 cunnos
973 1875 987 1891 e
1007 1869 1142 1892 moralibus
1162 1870 1187 1892 ἀι
1208 1870 1335 1893 mortanum

175 1999 218 2033 (ι)
237 1998 260 2026 11
274 1999 445 2027 Mammea
458 2008 503 2027 era
517 2006 588 2028 :tato
601 2001 712 2028 aserim

139 2039 238 2068 l’anno
259 2040 326 2077 1369
344 2041 371 2069 al
385 2041 505 2078 collegio
519 2042 563 2070 de’
572 2043 673 2078 giudici
685 2043 713 2070 di

140 2081 264 2118 Bologna
277 2093 292 2108 ι
305 2083 350 2111 nel
363 2083 442 2111 civile
454 2093 470 2111 e
482 2084 527 2112 nel
540 2085 672 2112 canonico
682 2094 712 2118 »;

758 2000 784 2027 la
803 2001 928 2028 versione
947 2001 1030 2028 latina
1049 2001 1197 2038 dell'opera
1210 2001 1261 2028 che
1275 2009 1336 2028 cor-

757 2050 822 2070 revn
840 2042 886 2070 nel
904 2042 996 2070 secolo
1014 2050 1075 2076 xiv,
1094 2052 1110 2071 e
1129 2043 1181 2071 che
1201 2043 1228 2070 fu
1245 2051 1334 2070 mma

757 2084 785 2111 in
803 2084 921 2120 disparte
944 2085 1019 2122 dopo
1045 2085 1240 2122 l’apparizione
1264 2085 1335 2112 della

140 2122 175 2152 G.
193 2123 229 2151 N.
247 2124 543 2159 Pnouui-Aunosi,
564 2127 597 2154 Li
620 2127 713 2155 doctori

139 2166 188 2194 bol.
210 2166 238 2194 aa·
260 2167 324 2203 lagga
348 2169 469 2196 :monica
489 2178 501 2196 ι
522 2169 606 2202 civile,
631 2169 711 2197 Bolo-

139 2216 204 2244 gna,
221 2216 329 2242 nncxx,
348 2217 373 2245 p.
391 2209 434 2243 46.

174 2252 217 2286 (a)
243 2251 303 2279 hu».
330 2251 488 2280 lusi-mum.
514 2253 594 2281 Inruit.
618 2253 663 2282 lib.
691 2254 712 2286 1,

139 2293 180 2321 tit.
198 2301 218 2326 ι,
235 2293 284 2320 De
306 2294 437 2322 iustitia
454 2301 487 2322 et
505 2295 585 2323 iure.

175 2334 219 2369 (ς)
238 2328 259 2361 Ε
277 2341 374 2371 questo
386 2344 423 2363 un
435 2344 516 2372 passo
531 2337 558 2364 di
575 2337 711 2365 Ans-ror.

140 2376 231 2404 Ethica
249 2377 426 2410 Nicomachus,
445 2378 490 2406 lib.
509 2378 543 2413 V.
555 2387 614 2416 cap.
634 2387 652 2407 1.
690 2379 712 2407 11

139 2422 219 2450 tento.
234 2418 314 2455 quale
331 2420 347 2446 ὲ
366 2419 468 2447 tifex-ito
486 2420 513 2448 la
532 2422 619 2457 prima
637 2421 711 2449 volta

139 2459 183 2487 dal
199 2460 237 2494 S.,
249 2462 424 2498 conisponde
443 2472 459 2490 a
474 2463 566 2500 quello
581 2464 632 2491 che
643 2463 711 2492 effre

757 2135 848 2154 nuova
858 2128 1014 2155 traduzione
1023 2127 1051 2155 di
1058 2128 1202 2155 Leonardo
1209 2128 1334 2161 Aretino;

757 2168 791 2196 cf.
806 2169 867 2196 cod.
883 2169 1011 2196 Ambros.
1024 2169 1060 2202 D,
1077 2177 1122 2205 ¹03
1140 2178 1208 2206 sup„
1223 2179 1245 2197 c.
1259 2169 1293 2197 26
1306 2179 1333 2205 A,

758 2211 871 2238 membr.
885 2220 940 2239 sec.
954 2218 1014 2245 xiv,
1028 2211 1072 2247 gia
1086 2211 1131 2238 del
1144 2211 1251 2239 Pinelli.
1287 2211 1333 2238 Ma

757 2252 847 2289 quella
867 2253 919 2280 che
936 2253 1070 2280 Coluceio
1090 2253 1198 2280 chiama
1216 2262 1230 2278 α
1245 2253 1333 2289 prima

758 2306 773 2321 ι
786 2295 926 2323 translatio
939 2305 965 2328 ι,
985 2296 1023 2322 mi
1042 2296 1058 2322 e
1077 2295 1177 2331 ignota.
1221 2295 1252 2322 Si
1272 2300 1334 2322 trat-

757 2340 814 2365 tera
824 2339 899 2374 pero,
908 2337 1067 2373 immagino,
1078 2337 1104 2364 d·
1111 2345 1164 2364 una
1174 2337 1333 2365 traduzione

757 2380 840 2407 latina
855 2379 918 2406 dell‘
926 2380 1010 2412 Ειὶεα,
1022 2379 1087 2406 satta
1097 2379 1125 2406 in
1135 2385 1229 2415 tempo
1245 2379 1332 2407 anche

756 2423 802 2458 piu
820 2422 910 2449 antico
929 2421 992 2449 den'
1001 2421 1077 2457 altra,
1095 2427 1200 2449 trovata
1219 2421 1264 2449 dal
1282 2430 1332 2449 no-

756 2471 812 2491 stro
830 2465 857 2491 in
875 2463 992 2500 qmlcbe
1018 2464 1117 2492 codice.
1155 2464 1269 2497 Quanto
1294 2465 1332 2492 in·
