1682 2762
0 2524 11 2762 W--v-W—
0 2488 4 2518 -<
0 2400 6 2447 -v
0 2307 10 2382 *W
0 2259 8 2271 v,
0 2245 3 2250 v
0 2232 2 2237 ν

93 879 132 903 10

91 1168 126 1201 ¹5

82 1456 126 1480 20

441 229 488 256 DI
519 227 781 256 COLUCCIO
813 227 1084 255 SALUTATI.
1293 229 1354 262 177

164 351 303 385 finitimo
326 350 379 384 vel
407 349 623 384 similitudinis
652 349 889 393 propinquitate
917 349 1110 383 assumenda
1139 349 1189 389 sit,
1218 360 1285 383 non
1316 348 1355 382 ad

163 408 328 443 libidinem
344 417 376 442 et
398 408 467 442 sine
486 407 609 441 ratione
625 406 778 441 facienda.
825 418 901 440 nam
921 418 958 440 ea
970 407 1092 441 ratione
1111 417 1211 451 eaque
1230 406 1357 441 licentia

163 479 220 512 per
242 466 435 500 vocabulum
457 464 623 510 quodlibet
644 465 772 509 quidvis
795 464 975 509 significare
997 476 1178 509 possemus.
1224 464 1355 498 transla-

162 525 287 559 tionem
311 533 430 564 autem,
450 532 485 557 ut
505 523 620 557 Cicero
644 522 762 564 scribit,
781 522 958 567 pudentem
978 523 1089 557 dicunt
1107 534 1177 558 esse
1195 532 1356 568 oportere,

162 589 199 616 ut
220 593 296 616 cum
318 582 442 616 ratione
464 581 498 615 in
523 580 722 614 consimilem
746 593 815 614 rem
838 590 988 623 transeat,
1012 593 1053 615 ne
1072 582 1140 615 sine
1163 581 1289 616 delectu
1308 590 1356 615 te-

162 651 250 674 mere
269 649 300 673 et
319 639 431 683 cupide
455 638 600 672 videatur
618 639 651 672 in
671 650 739 672 rem
764 638 951 673 dissimilem
975 639 1248 673 transcurrisse(¹>.
1294 651 1356 673 nec

161 707 301 732 mutatur
323 698 430 741 etiam,
441 697 502 731 ista
523 697 691 737 sententia,
714 697 861 741 quanvis,
883 706 919 731 ut
942 697 1036 740 aliqui
1060 697 1212 738 scribunt,
1237 708 1354 731 coma

160 764 304 790 sumatur
326 746 384 800 pro
406 755 507 799 prima
531 754 671 788 clausule
694 754 954 794 distinctione(²)‚
972 753 1025 788 ubi
1049 754 1196 788 nondum
1212 754 1353 799 perfecta

159 813 315 847 sententia
337 812 554 857 pronuncians
577 813 755 856 requiescit,
779 824 841 857 que
863 823 914 846 res
938 812 1059 856 signari
1077 812 1178 846 soleat
1200 823 1256 856 per
1274 823 1354 856 pun-

159 881 246 905 ctum
271 870 311 904 ad
333 870 433 903 imam
462 869 599 903 litteram
624 869 736 904 ultime
760 869 922 910 dictionis,
946 869 1000 904 ubi
1029 870 1208 914 requiescat
1236 879 1353 904 orator.

157 940 235 963 nam
257 937 413 973 quantum
438 927 477 961 ad
496 927 559 962 hoc
582 928 706 969 attinet,
730 927 830 962 nichil
848 927 932 962 aliud
956 929 1047 973 sequi
1069 936 1185 973 potest,
1205 939 1302 972 quam
1328 929 1353 961 si

158 997 252 1021 coma
270 987 304 1020 in
316 998 412 1020 sensu
428 997 525 1031 quem
546 985 748 1030 premisimus
767 995 956 1020 assumatur.
1002 985 1046 1019 illi
1065 985 1197 1030 quidem
1216 997 1351 1019 omnem

156 1044 329 1090 perfectam
343 1045 537 1079 sententiam
553 1053 585 1078 et
601 1044 651 1078 cui
670 1043 769 1077 nichil
787 1043 991 1078 adiciendum
1006 1043 1098 1085 foret,
1114 1042 1265 1077 volebant
1283 1054 1351 1077 esse

157 1114 177 1146 p
189 1101 434 1142 eriodum(³),
449 1112 548 1146 quam
566 1112 628 1135 nos
651 1100 788 1135 dicimus
807 1112 877 1134 esse
901 1113 918 1135 c
931 1101 1002 1135 olu
1014 1113 1067 1142 m,
1086 1111 1164 1134 nam
1183 1100 1351 1146 periodum

155 1160 189 1193 in
212 1158 277 1194 fine
299 1159 397 1193 totius
420 1159 572 1193 orationis
596 1158 733 1192 dicimus
752 1170 822 1192 esse
843 1158 1054 1200 scribendam,
1072 1170 1140 1193 non
1158 1159 1192 1192 in
1212 1158 1278 1192 fine
1297 1170 1351 1192 cu·

154 1216 282 1251 iuslibet
299 1216 435 1261 perfecte
451 1217 619 1251 sententie.
666 1226 701 1251 ut
719 1217 788 1250 sive
803 1216 1028 1262 imperfectam
1047 1215 1206 1262 significet
1223 1226 1351 1250 senten-

153 1275 242 1316 tiam,
262 1284 298 1308 ut
311 1274 355 1308 illi
375 1274 538 1315 volebant,
554 1274 623 1308 sive
645 1274 691 1308 sic
704 1274 890 1319 perfectam,
905 1284 941 1309 ut
961 1274 1079 1320 aliquid
1094 1275 1135 1309 sit
1153 1274 1349 1315 addendum,

154 1342 189 1367 ut
210 1332 430 1367 moderniores
452 1332 551 1377 longe
576 1332 693 1366 melius
708 1331 826 1367 volunt
841 1342 936 1378 atque
951 1332 1166 1374 commodius,
1181 1333 1349 1378 quomodo

153 1389 356 1424 transferatur
379 1390 419 1424 ad
450 1389 700 1435 significandum
733 1390 980 1435 digressionem,
1007 1401 1043 1425 ut
1068 1391 1114 1425 illi
1137 1390 1261 1432 volunt,
1285 1402 1348 1435 ego

151 1458 220 1482 non
242 1446 348 1481 video.
393 1447 488 1481 tertio
511 1447 615 1482 modo
637 1447 775 1482 sumitur
793 1447 878 1492 apud
901 1457 1012 1492 poetas
1037 1460 1157 1483 coma
1179 1459 1238 1493 pro
1264 1449 1348 1493 prin-

151 1505 243 1550 cipali
262 1504 419 1539 divisione
438 1506 542 1547 metri,
562 1505 792 1540 intercurrente
811 1517 930 1540 cesura.
995 1517 1082 1546 nam,
1102 1518 1177 1540 cum
1197 1506 1346 1540 dicimus:

151 1573 263 1597 arma
285 1563 496 1608 virumque
521 1575 644 1606 cano,
668 1564 701 1598 hi
725 1564 869 1609 quinque
901 1564 1080 1610 semipedes
1116 1576 1234 1599 coma
1261 1573 1347 1605 sunt,

150 1630 225 1655 sunt
247 1630 279 1655 et
306 1632 429 1663 cesura3
458 1622 614 1666 quoniam
645 1623 690 1656 sic
720 1622 763 1656 ibi
792 1622 891 1656 dictio
921 1623 1118 1663 terminetur,
1141 1622 1230 1668 quod
1263 1623 1346 1656 tertii

149 1677 238 1723 pedis
252 1690 324 1713 cesa
339 1679 479 1714 dictione
493 1689 638 1714 sumatur
652 1680 780 1714 initium
788 1680 834 1714 (⁴).
881 1690 913 1714 et
928 1680 1038 1715 forsan
1055 1681 1094 1715 ad
1110 1681 1196 1716 hunc
1211 1691 1344 1715 sensum

204 1793 241 1816 ¹⁴·
253 1787 339 1811 lauto
353 1787 439 1815 eoimn,
451 1788 539 1817 perche
548 1789 572 1811 lo
584 1790 658 1811 aleno
668 1788 692 1811 S.
702 1788 845 1818 adoperava,
856 1789 955 1812 mondo
964 1788 978 1811 ἑ
989 1789 1121 1818 probabile,
1130 1789 1344 1818 promiscuam-ente

148 1826 214 1849 coion
228 1832 242 1848 e
255 1826 332 1850 colum
386 1833 424 1855 ²4-
439 1827 494 1851 eod.
510 1827 577 1856 pedes

182 1922 226 1957 (ι)
245 1921 335 1958 [Cic.]
354 1922 397 1950 Aa
415 1923 524 1951 Hermu.
544 1923 591 1956 IV,
610 1931 722 1952 xxxun.
766 1933 853 1952 «cum
881 1925 987 1961 virgula
1014 1933 1119 1952 sursum
1147 1925 1228 1952 ducta
1256 1932 1283 1952 et
1310 1924 1340 1952 fit

182 1963 226 2000 (2)
245 1963 313 1991 Cosi
325 1963 352 1991 fa
364 1964 430 1992 Isto.
444 1965 517 2001 Orig.
530 1966 552 1998 1,
565 1974 628 1994 xix:
639 1976 653 1991 α
665 1966 722 1994 Pri-
767 1977 781 1992 ι
791 1967 900 2004 quando
914 1968 1078 1995 constructio
1097 1975 1152 1994 non
1171 1975 1280 1994 summa
1299 1973 1339 1994 est

149 2014 218 2033 “ma
245 2007 365 2042 positura
396 2007 583 2036 subdistinctio
610 2009 721 2043 dicitur;
765 2009 909 2045 «perfecta
927 2015 955 2036 et
973 2009 1124 2045 appellatur
1146 2009 1282 2036 distinctio
1302 2017 1344 2036 su-

149 2058 164 2074 «
174 2048 270 2075 eadem
285 2057 395 2076 comma
407 2056 447 2077 est
457 2059 481 2083 »;
494 2058 509 2077 e
522 2050 548 2077 la
561 2059 607 2078 sua
619 2051 721 2087 regola,
767 2062 781 2077 α
791 2052 917 2088 spensiva
936 2058 962 2079 et
981 2051 1010 2079 fit
1028 2053 1066 2078 sic
1075 2047 1087 2078 ‚¹
1098 2062 1122 2078 κ.

147 2090 180 2118 ad
193 2097 258 2118 outa
273 2090 344 2118 delle
362 2100 451 2120 nuove
469 2093 621 2120 distintioni
638 2094 722 2122 intro-
799 2094 842 2129 (3)
855 2093 921 2120 Isin.
935 2093 986 2120 loc.
1000 2093 1058 2120 cit.:
1074 2103 1088 2118 α
1099 2093 1190 2120 ultima
1203 2092 1340 2120 distinctio

147 2133 222 2160 done
239 2133 284 2161 nel
301 2134 394 2161 secolo
412 2141 452 2162 xn
471 2134 514 2170 (εἰ,
528 2135 664 2169 Tumor,
676 2145 721 2172 op.
766 2145 780 2160 ι
791 2143 860 2172 quae
878 2141 965 2162 totam
985 2135 1146 2162 sententiam
1164 2134 1272 2168 claudit,
1283 2134 1343 2170 ipsa

147 2175 191 2203 cit.
207 2183 233 2212 p.
245 2176 320 2211 407),
338 2177 361 2204 si
379 2177 509 2204 continuo
528 2178 561 2205 ad
580 2186 721 2207 osservare
767 2187 780 2202 ιι
791 2184 831 2204 est
841 2177 967 2213 periodos
979 2187 1003 2203 n.
1041 2177 1062 2204 E
1083 2176 1117 2204 cf.
1132 2177 1226 2209 ΒΑιιιι,
1236 2177 1289 2204 loc.
1298 2177 1342 2204 cit.

147 2217 258 2245 almeno
278 2219 306 2245 in
325 2218 402 2246 Italia
421 2219 509 2246 anche
535 2220 581 2247 nel
605 2227 721 2256 quattor·
764 2228 779 2247 e
791 2220 862 2247 l'Ars
871 2224 957 2256 punct.
971 2219 1013 2246 del
1024 2219 1085 2247 cod.
1095 2219 1169 2247 Ricc.
1181 2219 1225 2246 cit.
1237 2228 1260 2247 c.
1271 2226 1303 2254 54
1315 2228 1338 2247 n.

145 2259 292 2293 dicesimo;
308 2261 438 2296 veggansi
457 2263 514 2288 cosi
528 2261 546 2288 il
562 2262 659 2296 Banu,
670 2262 721 2290 Ca·
800 2262 842 2298 (4)
863 2262 904 2290 Cf.
915 2262 1004 2289 ΜΑκιι
1020 2262 1176 2289 VicTonmi
1190 2262 1248 2289 Art.
1260 2270 1343 2297 grant-

145 2301 228 2328 rholic.
245 2301 271 2328 V
289 2310 358 2338 pars,
378 2302 426 2330 De
450 2303 548 2331 vitiis
573 2310 606 2331 et
624 2304 687 2340 fig.
706 2314 722 2332 e
764 2308 825 2332 mat.
844 2304 888 2331 lib.
907 2304 928 2336 1,
948 2312 987 2339 η,
1004 2311 1012 2331 ι
1029 2303 1057 2330 in
1070 2303 1279 2336 Remoramm.
1292 2303 1339 2331 lat.

145 2343 717 2382 l’Arspunctandidelcod.Riccardiano653,
765 2346 812 2380 VI,
824 2354 872 2380 543
887 2346 984 2374 Armi
1003 2345 1225 2374 Foawmmm
1240 2346 1302 2378 Ars,
1315 2354 1342 2379 4,

146 2394 168 2413 c.
191 2393 221 2420 5⁴
237 2393 270 2414 n:
291 2386 404 2414 «Coma
428 2393 469 2414 est
495 2389 568 2415 enim
587 2395 715 2425 punctum
765 2389 796 2422 6;
816 2389 878 2416 ibid.
898 2398 922 2425 p.
943 2389 1010 2422 282;
1038 2389 1151 2422 PAms,
1177 2389 1247 2416 Dici.
1274 2397 1296 2416 s.
1316 2397 1340 2415 v.

250 2454 359 2479 &tauto
372 2456 487 2485 Scaeam
498 2457 538 2481 111.
1216 2458 1245 2478 12

1409 356 1442 376 Ne
1461 357 1473 376 ὸ
1493 357 1595 377 numiui-

1384 382 1426 403 bile
1447 383 1485 403 che
1508 384 1542 410 qui
1564 384 1595 404 sia

1383 415 1443 430 usne
1454 416 1490 437 per
1499 410 1594 430 trulum.

1411 636 1428 657 Β
1437 636 1469 658 :hi
1479 637 1596 658 attribuisse

1385 662 1404 683 nl
1420 663 1521 684 vocabolo
1536 670 1595 685 eone

1384 691 1471 710 ter-mine
1501 691 1595 711 oratorio

1384 716 1438 737 nitro
1459 717 1540 742 valore.
1552 724 1595 738 non

1384 743 1508 764 riesdrebbe
1532 751 1544 764 ι
1560 745 1595 771 pin

1383 769 1492 802 plausibile
1514 771 1595 798 spiege-

1383 802 1449 817 zuene.

1403 1448 1427 1469 ln
1441 1456 1469 1470 mi
1479 1454 1535 1470 terzo
1545 1457 1590 1470 mo-

1375 1476 1403 1496 do
1423 1477 1441 1496 ni
1459 1477 1550 1504 impiegn
1568 1477 1588 1497 Ιι

1375 1509 1427 1523 voce
1455 1509 1526 1523 com-
1555 1504 1587 1524 dni

1375 1530 1482 1550 ‹nturi-u*
1491 1537 1497 1555 ;
1507 1536 1547 1562 per
1561 1531 1587 1550 si-

1374 1556 1474 1608 ἓξὲξ-τε
1494 1558 1541 1578 eice
1567 1557 1587 1577 la

1374 1676 1385 1689 e
1400 1668 1458 1690 fone
1479 1670 1490 1690 ὲ
1510 1675 1584 1697 questo

1374 1696 1388 1716 il
1415 1702 1477 1716 sento
1505 1696 1584 1724 datogli

1373 1723 1406 1743 nel
1420 1723 1503 1744 dinizo.
