1682 2762
91 916 130 940 10

89 1231 125 1264 15

85 1519 128 1544 20

84 1839 125 1874 25

431 238 479 265 DI
507 238 770 267 commem
803 237 1077 266 SALUTATI.
1282 237 1347 272 247

158 362 384 396 incircuncisus
404 370 530 396 sanctus
553 361 606 395 ille
631 361 691 396 Iob
714 361 826 403 voluit,
850 362 911 396 nisi
933 361 1090 395 moralem
1114 359 1347 394 institutionem

158 420 223 454 vite
238 429 356 461 nostre,
373 431 448 453 cum
462 420 583 464 inquit:
601 420 713 454 militia
735 429 782 454 est
803 421 867 454 vita
886 420 1028 454 hominis
1049 430 1143 464 super
1163 428 1278 453 terram
1290 417 1347 450 ?(¹)

158 486 190 511 et
212 477 381 522 Virgilius:

440 523 486 551 Me
504 523 527 550 si
545 522 600 550 fata
619 524 689 550 meis
704 523 823 550 sinerent
841 523 975 551 deducere
994 523 1078 549 vitatu

439 571 576 607 Auspiciis
589 571 633 599 (1).

157 659 190 684 et
213 650 296 692 alibi,
321 662 396 685 cum
418 651 458 685 de
481 650 593 685 inferni
617 651 722 686 iudice
745 651 843 686 dixit:

325 764 329 766 Π
370 728 503 760 Quesitor
521 728 611 756 Minos
630 737 724 756 urnam
745 734 851 761 movet;
866 727 911 755 ine
930 727 1057 755 silentum

369 777 579 813 Conciliumque
597 784 686 810 vocat,
704 777 827 813 vitasque
846 783 873 804 et
891 776 1002 804 crimina
1022 775 1099 803 discit
1111 774 1162 807 (3);

156 851 233 896 quid
255 851 340 886 aliud
362 862 459 896 quam
483 851 570 886 idem
593 851 681 896 quod
703 852 798 886 sacris
821 851 1007 896 designatur
1029 850 1138 884 litteris
1165 847 1348 883 intellexit?

156 908 220 943 hoc
242 909 330 944 idem
354 919 386 944 et
408 911 510 950 Naso,
535 921 609 944 cum
633 911 692 944 ait:

368 984 489 1021 Parsque
508 985 597 1012 forum
617 985 762 1019 celebrant,
781 994 843 1021 pars
861 985 909 1012 imi
928 990 999 1012 tecta
1018 984 1134 1020 tyranni,

368 1033 434 1061 Pars
454 1034 556 1070 aliquas
575 1040 654 1067 artes,
674 1034 783 1070 antique
803 1033 954 1061 imitamina
968 1033 1022 1060 vite
1034 1032 1078 1059 (4).

155 1108 215 1143 hec
238 1117 286 1142 est
308 1108 359 1142 illa
382 1108 459 1150 vita,
483 1120 545 1154 que
575 1109 669 1142 variis
700 1117 807 1153 potest
832 1107 1009 1143 rationibus
1033 1119 1088 1153 per
1110 1106 1176 1141 dies
1200 1106 1346 1151 singulos

156 1167 307 1201 inchoari.
353 1176 459 1211 potest
477 1176 509 1201 et
526 1167 586 1201 hec
599 1166 726 1208 differri,
740 1177 776 1201 ut
790 1179 890 1212 usque
905 1166 985 1200 adeo
1000 1166 1071 1211 quis
1086 1174 1241 1210 expectet,
1257 1164 1346 1210 quod

154 1224 296 1259 finienda
320 1225 384 1259 vite
402 1225 483 1259 ratio
506 1225 557 1266 sit,
581 1236 648 1258 non
668 1224 835 1259 sumenda.
882 1234 986 1269 potest
1014 1234 1046 1258 et
1071 1224 1142 1269 quis
1165 1224 1229 1257 vite
1253 1231 1346 1256 natu-

155 1282 227 1316 ralis
256 1291 382 1328 tempus
410 1282 594 1328 transigere,
617 1283 803 1328 priusquam
831 1282 995 1317 moraliter
1017 1282 1116 1316 vitam
1146 1282 1264 1326 ceperit
1293 1292 1344 1314 or·

155 1337 274 1373 dinare.

243 1397 396 1432 Ceterum
420 1409 563 1442 agere,
597 1397 637 1431 de
668 1409 734 1442 quo
766 1397 931 1432 diductum
963 1406 1012 1432 est
1040 1397 1234 1431 vocabulum
1267 1395 1345 1430 illud

155 1455 398 1500 agentibus,
421 1467 496 1490 cum
523 1456 623 1490 multa
646 1456 815 1501 significet,
840 1456 901 1490 hoc
925 1457 1021 1490 etiam
1053 1455 1141 1501 quod
1165 1464 1213 1489 est
1236 1455 1344 1488 vivere

154 1513 222 1546 sine
238 1512 436 1547 dubitatione
458 1513 614 1558 designat.
661 1513 747 1548 unde
771 1514 864 1547 Maro
887 1513 981 1548 dixit:

369 1588 475 1617 Omnes
494 1596 523 1616 ut
540 1595 631 1616 tecum
649 1589 752 1617 meritis
771 1598 820 1626 pro
839 1589 935 1616 talibus
953 1597 1038 1616 annos

366 1637 462 1673 Erigat
474 1637 524 1670 (ς);

154 1711 218 1745 hoc
240 1721 288 1745 est
306 1721 413 1746 tecum
442 1723 498 1757 per
519 1723 634 1746 omnes
657 1723 761 1746 annos
785 1713 902 1758 exigat,
926 1712 990 1746 hoc
1007 1722 1055 1746 est
1077 1713 1176 1746 vivat.
1222 1712 1345 1757 planius

156 1780 232 1803 vero
255 1769 428 1803 Severinus
445 1779 554 1804 noster
575 1770 694 1815 inquit:

366 1844 512 1880 Nunquam
532 1845 606 1872 dives
623 1846 680 1880 agit
693 1846 739 1882 qui
757 1845 878 1881 trepidus
897 1853 1010 1881 gemens

402 1893 469 1921 Sese
488 1894 573 1922 credit
591 1900 719 1930 egentem
731 1894 775 1922 (6).

209 1985 227 2002 1.
241 1978 416 2009 ἰπείῐσιωσὶω]
436 1979 454 2002 V
464 1980 642 2002 mecu'revenm
663 1980 716 2008 (etc)
766 1979 803 2002 Μ’
819 1979 851 2003 dd
865 1984 936 2004 unct.
950 1981 1074 2010 aggitarum
1087 1981 1112 2003 in
1126 1981 1247 2010 margine.
1288 1980 1344 2010 niti]

160 2018 179 2041 V
189 2024 234 2041 non
289 2025 312 2048 5.
321 2017 351 2041 L’
361 2019 423 2048 dopo
431 2025 496 2048 nunp-
510 2019 540 2042 dai
549 2020 593 2042 ἂι.
648 2020 671 2042 8.
694 2019 711 2042 V
722 2019 841 2042 consilium
847 2036 856 2048 ‚
866 2026 956 2043 omem
965 2027 1010 2049 que
1041 2020 1062 2042 Ρ
1069 2020 1106 2043 Me
1116 2021 1230 2050 viamque
1263 2020 1344 2043 Vdixit

153 2065 178 2087 9.
186 2057 224 2080 Μ’
230 2058 290 2087 dopo
299 2065 367 2088 quam
377 2059 408 2080 da'
418 2065 450 2081 nn
459 2058 474 2081 d
483 2059 619 2082 cancellato.
646 2059 664 2082 L
671 2058 702 2082 ι’
710 2059 748 2082 LS
753 2058 790 2082 Μ’
800 2059 842 2082 lin.
853 2061 900 2083 des.
928 2059 964 2082 Μ
974 2059 1107 2082 intenaixit
1118 2061 1172 2088 (stc)
1230 2066 1263 2083 11.
1270 2059 1300 2082 L’
1309 2066 1344 2082 ce-

151 2097 221 2120 unm
260 2097 312 2127 imi]
325 2098 365 2120 LP
377 2098 416 2120 uni
464 2099 482 2121 V
493 2098 591 2122 imitecu
648 2105 683 2128 ¹3·
698 2098 734 2122 Μ’
749 2104 796 2128 pot.
810 2106 858 2123 var.
872 2106 886 2122 e
900 2099 956 2128 ning,
972 2099 1020 2122 die·
1077 2106 1112 2129 ¹5·
1128 2099 1164 2122 Μ’
1174 2100 1246 2122 fienda
1259 2100 1288 2122 uit
1299 2100 1344 2122 vite

150 2141 194 2160 nt.
250 2137 283 2160 16.
296 2137 333 2160 Μ’
347 2138 470 2161 moraliter
503 2138 618 2162 LSM’P
628 2145 677 2168 cep.
691 2139 732 2162 vit.
788 2140 823 2163 18.
838 2139 951 2162 Pdictum
1006 2145 1040 2163 2¹.
1055 2142 1092 2169 ιιι]
1104 2139 1140 2162 M’
1150 2146 1202 2162 cum
1256 2145 1291 2162 υ.
1305 2139 1343 2162 Μ’

150 2177 211 2207 dopo
223 2177 284 2206 exig.
297 2178 329 2200 dd
342 2179 384 2201 bc.
443 2185 482 2208 ²5·
502 2178 520 2201 V
532 2185 632 2209 unquam
685 2180 723 2202 26.
739 2179 776 2202 Me
790 2179 818 2202 de
832 2186 856 2202 κ
867 2180 991 2209 persalse
1005 2181 1092 2203 tenura
1106 2180 1133 2202 dl
1144 2179 1184 2204 Ι).

185 2265 229 2300 (1)
247 2266 306 2299 10³,
324 2265 384 2299 vn,
405 2275 427 2294 1.
803 2267 846 2303 (4)
866 2267 955 2295 ovm.
974 2268 1034 2294 Met.
1059 2267 1106 2300 IV,
1122 2274 1244 2302 444·45;
1261 2275 1306 2294 ma
1323 2267 1344 2295 il

186 2307 227 2341 (2)
245 2307 334 2335 Vnae.
352 2308 416 2335 Aen.
435 2308 482 2341 IV,
503 2316 620 2344 340-4t;
639 2318 685 2336 ma
704 2309 722 2336 il
767 2315 838 2336 testo
857 2309 902 2336 nel
921 2310 950 2336 2⁰
969 2318 994 2337 v.
1016 2319 1030 2334 et
1044 2309 1110 2336 alias
1122 2319 1147 2336 n.

151 2353 221 2375 testo
238 2348 282 2376 nel
304 2350 330 2376 ι’
347 2355 373 2377 v.
390 2359 404 2375 α
417 2357 570 2386 paterentur
587 2351 684 2379 ducere
698 2362 722 2378 ».
803 2352 844 2386 (5)
864 2351 950 2378 Vener
971 2351 1035 2378 Am.
1054 2351 1075 2384 1,
1095 2358 1191 2386 74-75.

186 2389 230 2426 (3)
248 2389 338 2418 Vno.
355 2392 418 2419 Am.
437 2391 485 2425 VI,
503 2399 616 2429 432-33.
801 2393 842 2429 (6)
862 2394 950 2422 Βοετ.
969 2394 1059 2422 Philas.
1077 2403 1141 2422 cons.
1154 2394 1189 2429 11,
1201 2402 1230 2428 u,
1246 2402 1341 2431 19·²0·

1375 372 1435 386 eone
1456 369 1560 386 strennuo
1576 372 1587 386 e

1375 392 1458 413 Giobbe

1374 501 1386 515 e
1401 493 1490 522 Virgilio

1374 921 1400 942 ed
1413 920 1499 942 Ovidio.

1398 1397 1423 1418 ln
1437 1398 1528 1430 secondo
1540 1398 1586 1418 luo-

1386 1431 1479 1472 ‘1’112‘2‘2‘12
1485 1430 1586 1479 &34:⁴5

1373 1478 1407 1499 nel
1420 1484 1480 1506 puae
1491 1478 1585 1499 discusso

1373 1505 1418 1527 vala
1427 1509 1505 1533 qunto
1514 1513 1524 1524 ι
1530 1506 1584 1526 viv·-

1373 1539 1395 1553 ΙὈ
1404 1541 1414 1551 ι
1419 1547 1426 1558 ,
