1696 2782
147 401 206 426 Cosl.
247 406 326 421 mentre

115 429 174 449 Piera
188 435 222 448 ern
231 428 327 453 insen-mn,

115 456 155 482 egli
169 461 255 483 pensan
263 462 269 480 ς

115 518 184 538 deciso
200 524 212 537 ι
230 524 272 537 non
290 517 326 537 do-

115 544 163 564 lersi
183 545 225 571 piu,
246 544 325 571 quando

115 571 155 591 eun
171 570 226 590 fosse
241 572 326 597 spirata,

115 604 158 618 non
168 604 203 624 per
211 597 326 617 amblzione

115 625 140 644 οὲ
162 631 198 651 per
224 624 325 644 desiderio

115 651 134 671 di
148 650 262 677 popolnritd

114 924 127 938 ο
142 917 285 964 perlimpulto
304 918 324 938 di

113 951 170 991 {2122
189 951 324 995 ‘ifflzffiffm‘

114 1107 147 1121 mn
173 1100 248 1127 perche
276 1106 326 1120 con-

113 1128 171 1148 vinto
186 1127 223 1147 che
243 1131 299 1147 tutto
314 1127 326 1145 ὲ

114 1154 216 1174 destinato
230 1160 242 1173 ι
259 1153 325 1174 finire.

140 1270 225 1297 Ripme
235 1270 278 1290 conl
286 1276 325 1289 con

115 1298 213 1324 cornggio
221 1297 241 1316 ln
248 1303 285 1316 su·
292 1302 327 1316 no-

114 1324 150 1343 lin
165 1325 214 1348 vitu,
229 1323 248 1343 le
267 1329 327 1343 occu-

115 1351 196 1377 pnzioni
221 1354 324 1371 consuete.

142 1501 172 1533 L‘?
186 1506 246 1521 tom·
261 1507 272 1521 ι
285 1501 327 1521 rin-

116 1534 205 1555 grsszlm

115 1574 126 1588 e
133 1567 154 1588 f·
161 1567 237 1588 ulum·
244 1567 265 1587 lo
275 1567 325 1588 Zan-

114 1594 185 1615 aerini*

360 274 418 307 142
774 270 1119 297 EPISTOLARIO

421 396 480 428 His
499 407 563 435 me,
580 407 653 428 cum
670 403 828 438 egrotaret
844 395 936 427 Piera
952 406 1034 433 mea,
1055 405 1129 427 cum
1149 394 1244 427 nimis
1263 394 1418 437 particeps
1442 405 1547 428 essem

354 466 408 487 sue
428 454 593 497 passionis,
614 464 666 486 me
686 451 724 485 ad
745 462 927 486 extremum
954 451 1032 485 illud
1061 450 1235 491 armabam,
1255 463 1321 495 quo
1349 451 1470 484 factum
1489 461 1546 494 est,

353 521 388 546 ut
415 511 579 544 finiremus
608 510 703 544 simul
728 510 780 543 illa
804 511 915 550 vitam,
935 521 997 553 ego
1022 509 1178 543 dolorem.
1226 509 1316 542 finivi
1339 509 1470 553 quidem
1489 509 1547 543 do-

353 570 464 610 lorem,
484 582 551 603 non
575 569 750 603 ambitione
769 568 935 602 dedicandi
961 569 1083 612 templi,
1102 569 1183 602 sicut
1207 568 1360 602 Horatius
1380 568 1545 610 Pulvillus,

353 639 419 660 non
444 626 659 670 popularitatis
679 625 833 669 captande
857 625 968 670 gratia,
987 626 1069 659 sicut
1092 625 1225 658 Emilius
1249 625 1378 665 Paulus,
1394 626 1447 669 qui
1467 625 1546 659 deos

353 696 458 718 orasse
478 683 561 728 apud
581 684 735 728 populum
762 684 948 718 Romanum
967 692 1099 717 testatus
1119 692 1176 724 est,
1194 692 1229 717 ut
1251 684 1278 716 si
1301 682 1377 727 quid
1396 684 1482 717 triste
1501 683 1546 717 rei

353 742 475 786 publice
500 742 626 775 fortuna
650 750 783 785 pararet,
807 742 839 775 in
864 741 918 774 illo
942 741 1100 775 felicitatis
1125 752 1229 782 cursu,
1247 753 1346 785 quarn
1369 742 1434 775 suis
1458 753 1547 775 com-

354 812 476 844 parasse
493 800 631 834 victoriis
647 800 865 844 persuadebat,
878 800 911 833 in
926 812 960 833 se
972 799 1189 844 familiamque
1203 810 1295 833 suam
1314 809 1490 835 verteretur
1499 799 1546 834 (¹).

353 870 419 892 non
439 858 528 891 finivi
544 858 690 891 dolorem
710 857 884 891 ambitione
901 857 1112 890 dedicationis
1129 856 1179 890 vel
1199 857 1300 901 gratia
1318 857 1548 901 popularitatiS,

352 916 495 960 inquam,
514 915 570 949 sed
589 917 722 955 ratione,
739 915 793 948 sed
815 915 875 948 Dei
895 915 996 959 gratia
1015 914 1160 955 faciente,
1177 926 1243 948 non
1264 914 1304 948 ad
1324 915 1427 948 inanis
1445 915 1547 959 glorie

353 972 490 1014 fumum,
506 974 597 1006 sicuti
613 973 810 1017 Xenophon,
825 973 878 1016 qui
895 972 1074 1016 depositam
1090 983 1244 1006 coronam
1260 981 1431 1016 postquam
1443 971 1547 1007 filium

353 1040 480 1064 strenue
496 1039 694 1074 pugnantem
709 1030 878 1074 oppetiisse
895 1029 1059 1073 comperit,
1072 1029 1288 1073 reassumpsit,
1301 1039 1462 1073 quamque
1477 1029 1547 1062 sine

354 1088 451 1122 dubio
472 1088 606 1122 Pericles
626 1087 778 1129 intendit3
795 1087 851 1121 sed
868 1088 919 1121 illa
936 1087 1146 1121 meditatione
1168 1088 1286 1132 potius,
1302 1098 1400 1131 quam
1418 1089 1547 1121 Anaxa-

353 1158 447 1191 goras
474 1147 632 1191 allegavit,
655 1146 741 1191 quod
761 1147 873 1179 scirem
893 1147 996 1190 ipsam
1015 1158 1084 1179 esse
1108 1146 1278 1179 mortalem
1290 1146 1335 1180 (²).
1382 1155 1419 1180 ut
1441 1146 1547 1180 mirari

353 1217 419 1239 non
434 1205 558 1245 debeas,
568 1205 721 1248 quoniam
738 1204 832 1238 funus
849 1204 900 1238 ille
916 1204 1059 1237 kalendis
1075 1204 1196 1238 martiis
1212 1204 1336 1245 incidit,
1345 1204 1371 1237 si
1382 1203 1428 1244 Q.
1439 1204 1546 1238 Martii

355 1265 449 1309 Regis
474 1264 621 1308 exemplo
633 1264 667 1291 (³)
691 1264 836 1297 solemne
861 1275 970 1297 coram
994 1263 1114 1308 populo
1138 1263 1274 1297 novellis
1299 1263 1439 1297 dominis
1465 1263 1547 1298 meis

354 1322 451 1356 detuli
470 1323 684 1356 iuramentum
704 1322 863 1366 nichilque
879 1322 963 1355 soliti
985 1323 1085 1355 moris
1100 1322 1206 1362 omisi,
1223 1331 1395 1367 postquam
1416 1333 1468 1356 me
1485 1323 1547 1356 Dei

353 1381 452 1425 gratia
471 1380 572 1414 taliter
592 1380 792 1414 confirmavit
803 1380 848 1413 (⁴).
895 1391 994 1424 quern
1013 1389 1103 1424 opto,
1124 1391 1184 1413 nec
1208 1379 1353 1424 despero,
1370 1391 1446 1414 cum
1459 1391 1546 1414 scru-

353 1447 436 1471 tetur
458 1449 548 1472 renes
569 1448 600 1471 et
619 1437 714 1471 corda
724 1438 770 1478 (ἰ),
789 1438 851 1471 hoc
870 1438 1059 1472 infelicitatis
1083 1438 1331 1472 incommodum
1355 1439 1389 1472 in
1413 1438 1546 1474 alicuius

353 1497 500 1540 insperati
521 1495 595 1529 boni
610 1495 810 1529 dulcedinem
832 1507 1072 1529 conversurum.

353 1555 479 1597 gratias,
511 1565 572 1598 que
596 1553 738 1587 debitum
768 1553 911 1587 officium
942 1565 1010 1587 non
1047 1554 1165 1587 omisit.

353 1623 461 1645 meum
492 1612 592 1645 salute
616 1612 750 1656 plurima
773 1613 974 1656 prosequaris
987 1612 1031 1644 (⁶).

352 1670 461 1703 lendas
485 1669 635 1714 quintilis.

1223 1553 1292 1587 vale
1325 1562 1358 1588 et
1383 1553 1544 1588 Iulianum

1080 1612 1252 1653 Florentie,
1285 1612 1458 1646 undecimo
1489 1612 1546 1647 ka-

404 1797 425 1814 2.
440 1790 469 1813 Li
480 1791 516 1813 Me
531 1791 591 1820 quod
645 1799 671 1820 4.
687 1791 719 1813 Νι
734 1792 810 1820 templi
825 1791 875 1814 ded.

351 1831 388 1853 Me
402 1831 469 1854 incid.
484 1835 548 1854 mart.
577 1830 610 1854 N¹
625 1831 709 1854 incedit

350 1870 487 1893 incommod.
503 1872 632 1901 aggiunge
647 1875 669 1894 et

933 1798 966 1815 ιι.
981 1790 1011 1813 I)
1023 1792 1060 1814 Me
1073 1791 1133 1814 sicut
1189 1798 1222 1814 ra.
1240 1791 1277 1814 Me
1291 1792 1411 1821 appetiisse
1445 1797 1501 1822 ·.¹5.
1513 1791 1545 1814 1)

783 1839 818 1861 ¹7¹
833 1832 909 1860 omisi]
925 1831 959 1854 ΝΤ
974 1831 1074 1854 omnium
1088 1838 1156 1862 ερατ·
1169 1838 1205 1854 me
1219 1832 1251 1855 άὰ
1269 1831 1314 1855 md
1386 1838 1422 1862 ¹9·
1437 1831 1469 1855 Νι
1484 1833 1547 1862 dopo

386 1959 428 1994 (1)
448 1959 546 1991 Questi
572 1960 673 1996 esempi
691 1969 870 1997 provengono
889 1961 924 1988 da

349 2000 422 2028 Vn.
440 2001 515 2028 MAxr
535 2010 579 2036 op.
598 2001 640 2028 cit.
657 2001 690 2035 V,
706 2010 734 2035 x,
750 2008 802 2029 ext.
823 2011 844 2035 1,
864 2010 888 2030 2.

386 2043 428 2078 (2)
448 2042 490 2070 Cf.
524 2043 594 2070 VAL.
613 2043 689 2071 Max.
717 2053 760 2079 op.
779 2044 823 2071 cit.
843 2044 877 2078 V,
896 2052 924 2077 x,

350 2090 402 2111 ext.
426 2093 447 2117 1,
467 2092 491 2118 2,
513 2094 534 2120 3.

386 2127 428 2161 (3)
448 2127 491 2155 Cf.
514 2128 583 2156 Vm..
606 2128 682 2155 MAx.
704 2137 750 2164 op.
771 2130 814 2156 cit.
837 2129 871 2156 V.
896 2137 924 2162 x,

350 2176 402 2196 ext.
424 2178 447 2204 3.
897 2205 900 2208 ἢ

385 2212 427 2246 (4)
448 2205 468 2238 E
488 2212 539 2239 ben
562 2218 626 2239 noto
649 2221 727 2241 come
746 2214 812 2249 ogni
831 2222 922 2241 nuova

350 2253 484 2288 Signoria‚
509 2254 553 2281 nel
579 2255 694 2289 prender
718 2264 841 2291 possesso
866 2256 922 2283 del-

349 2295 471 2329 l'ufficio,
491 2295 593 2324 facesse
612 2298 724 2325 solenne
742 2299 922 2334 giuramento‚

350 2339 515 2366 unitamente
537 2340 561 2366 al
587 2348 637 2367 suo
662 2341 763 2373 notaio,
782 2341 856 2369 detto
879 2342 921 2369 de'

350 2380 444 2415 Priori,
465 2382 540 2409 «che
560 2387 599 2409 sta
618 2383 669 2410 due
689 2384 756 2412 mesi
771 2384 798 2411 in
814 2384 922 2420 palagio

351 2430 455 2448 «come
478 2422 562 2449 loro»
590 2423 691 2458 (Gono
715 2425 799 2458 Diu-1,
827 2425 870 2452 Ist.
897 2425 923 2452 di

969 1961 1082 1996 Fircnze,
1099 1961 1220 1994 Firenze,
1235 1968 1404 1994 nnccxxxv,
1422 1970 1450 1998 p.
1470 1962 1546 1997 137);

970 2012 1014 2030 ma
1033 2004 1083 2031 che
1103 2003 1122 2030 il
1142 2003 1306 2038 cancelliere,
1325 2004 1434 2032 «fermo
1452 2013 1468 2032 e
1486 2013 1547 2040 per-

971 2056 984 2070 «
995 2052 1077 2081 petuo
1091 2055 1106 2073 a
1118 2047 1174 2073 vita
1184 2056 1208 2079 n,
1223 2046 1295 2074 fosse
1307 2052 1402 2074 tenuto
1416 2055 1432 2073 a
1444 2053 1546 2083 pram·

970 2089 1142 2124 gius-amento
1176 2089 1201 2116 ai
1234 2089 1317 2116 nuovi
1349 2090 1452 2125 signori
1481 2089 1546 2126 ogni

970 2130 1033 2167 qual
1053 2131 1130 2159 volta
1148 2137 1299 2159 entrassero
1324 2131 1351 2158 in
1375 2131 1470 2166 carim,
1488 2140 1544 2159 non

970 2173 1106 2208 risultava‚
1131 2182 1177 2209 per
1200 2179 1300 2209 quanto
1324 2174 1348 2201 ci
1369 2175 1384 2201 ὲ
1409 2179 1485 2208 noto,
1509 2174 1545 2201 si-

970 2223 1038 2241 nora
1053 2215 1087 2242 da
1102 2215 1182 2242 alcun
1198 2215 1360 2243 documento
1371 2215 1489 2245 ufficiale
1501 2214 1545 2243 del

967 2263 1068 2292 tempo.

1004 2300 1046 2334 (5)
1075 2300 1118 2327 Cf.
1146 2300 1238 2328 Psalm.
1273 2301 1332 2334 vn,
1371 2308 1417 2334 10;
1446 2301 1543 2329 lnam.

968 2342 1054 2376 XVII,
1077 2350 1108 2370 10
1127 2343 1177 2371 διε.

1004 2385 1046 2418 (ὁ)
1060 2384 1130 2412 Cioe
1142 2385 1170 2412 lo
1186 2385 1338 2419 Zannerini,
1351 2384 1456 2420 collega
1468 2385 1543 2417 deuo

969 2426 1152 2454 Zambeccari.

1578 926 1618 951 10

1578 1215 1616 1248 15

1119 1507 1183 1540 ago
1202 1505 1311 1530 tamen
1328 1496 1473 1530 amicicie
1492 1505 1547 1531 tue
1574 1508 1618 1532 20

1687 638 1696 809 -αι-...Π-....
1694 591 1696 595 .
1692 504 1696 509 r
1691 455 1696 467 ..

1689 1485 1696 1788 ,μμ-..-μ-
1692 1421 1696 1476 ....-
1691 1375 1696 1412 ᾗ»-
1688 1279 1696 1357 -ι-...
1691 1260 1696 1269 .
1692 1246 1696 1251 .
