1682 2762
135 495 189 515 Male
231 501 321 523 opertae

108 522 190 549 dunque
201 537 207 546 ,
252 521 322 549 quindl

111 548 163 569 male
183 549 268 573 vivono,
287 555 321 569 co—

109 575 155 596 loro
170 575 207 596 che
221 576 322 596 incomin-

110 603 155 634 εἰει)
165 609 251 629 sempr-e,
260 608 322 648 εἶἰιιι

110 635 150 649 mm
167 635 253 648 tvm-r
293 635 322 648 un

109 662 177 682 pum,
189 655 208 675 1-
222 655 269 675 loro
283 656 322 676 eni-

110 687 181 702 sxeuza
195 681 296 702 filosoficn
310 689 322 703 e

109 708 198 733 morula

108 1198 193 1225 gincche
203 1197 217 1219 il
232 1199 280 1219 dare
295 1199 319 1219 nd

107 1225 319 1279 {issss'sssssessl'mei

108 1279 151 1298 uri
165 1278 213 1299 inizi
222 1285 263 1299 non
277 1279 319 1306 pub

107 1305 158 1326 dini
182 1312 204 1326 se
225 1312 268 1325 non
291 1312 318 1326 un

107 1332 207 1358 paderb,
236 1339 265 1352 un
294 1332 321 1352 la-

106 1359 178 1379 sein-la
185 1360 206 1379 iu
219 1365 321 1386 grunpa-

108 1390 128 1406 te
141 1385 246 1414 sfuggire5

106 1557 117 1570 e
139 1550 252 1571 Pinizinrl·
274 1552 318 1571 cosi

106 1578 167 1602 nardi,
176 1578 214 1597 che
224 1578 244 1598 ln
251 1583 318 1598 morte

106 1604 120 1624 li
130 1611 279 1650 sofr-vunga,
288 1611 318 1625 ne-

106 1637 146 1651 cou
161 1631 212 1651 oche
227 1632 247 1651 in
269 1631 317 1652 altri

105 1658 123 1678 ni
137 1657 228 1683 verifice,
243 1659 254 1678 ὲ
274 1665 317 1685 per-

106 1685 161 1704 deris
207 1685 317 1712 pressoche

107 1715 174 1736 cuttu

348 265 414 298 254
769 261 1108 290 EP1sT0LAR1o

349 393 423 417 sunt
433 383 485 424 (¹³3
505 394 567 427 que
591 382 664 416 licet
686 393 743 426 per
764 390 867 415 semet
891 381 930 415 ad
952 382 1153 426 propositum
1176 383 1319 424 veniant,
1340 383 1408 427 ipsa
1430 391 1539 417 tamen

350 441 388 475 ad
411 441 456 482 id,
478 440 566 485 quod
588 439 798 481 intendimus,
817 439 996 474 declarandi
1029 441 1185 485 propositi
1213 441 1314 485 gratia
1340 441 1540 475 reducamus.

438 498 478 531 Et
499 499 569 542 quis
592 497 733 542 negabit,
752 506 922 542 postquam
946 497 1032 531 idem
1056 507 1165 532 auctor
1187 499 1275 532 testis
1299 507 1357 540 est,
1373 498 1445 533 illos
1459 499 1541 532 male

349 569 443 601 agere
466 557 534 590 sive
561 556 645 590 male
669 556 788 597 vivere,
820 557 875 600 qui
898 556 1001 590 vitam
1032 568 1157 600 semper
1186 557 1361 601 incipiant?
1418 557 1452 590 in
1477 557 1540 591 hoc

348 614 558 648 institutionis
585 613 624 648 de
648 614 713 647 vita
736 622 844 647 nostra
869 625 973 654 cursu,
997 614 1079 648 sicut
1101 613 1188 648 idem
1218 615 1382 659 trigesima
1401 614 1542 649 secunda

349 682 481 707 testatur
511 672 656 717 epistola,
680 672 819 706 multum
850 682 970 706 nocent
996 673 1094 706 etiam
1128 673 1182 717 qui
1206 682 1382 714 morantur,
1407 673 1470 707 hoc
1493 683 1542 708 est

349 741 475 764 moram
500 729 646 764 afferunt.
694 739 725 763 et
748 729 873 764 subdit:
897 730 1007 774 utique
1031 731 1062 763 in
1081 739 1169 764 tanta
1186 730 1337 764 brevitate
1353 730 1429 771 vite,
1443 742 1541 775 quam

349 788 527 822 breviorem
557 789 772 822 inconstantia
803 787 949 829 facimus,
973 787 1056 821 aliud
1089 788 1156 822 eius
1179 787 1314 822 subinde
1337 798 1431 833 atque
1455 788 1540 823 aliud

347 845 499 880 facientes
523 846 662 880 initium.
708 845 888 880 diducimus
907 845 994 879 illam
1017 846 1050 878 in
1074 845 1240 890 particulas
1264 857 1301 879 ac
1329 845 1539 880 lancinamus.

348 914 379 938 et
402 913 475 949 post
494 903 730 938 accelerationis
749 903 1007 938 exhortationem
1023 903 1146 937 subdit:
1171 912 1202 937 et
1215 903 1350 938 subinde
1376 903 1542 938 considera

347 973 444 1006 quarn
467 962 575 1007 pulcra
593 973 644 996 res
667 963 707 995 sit
727 973 916 996 consumare
939 962 1039 1010 vitam
1072 970 1145 995 ante
1170 971 1321 1001 mortem;
1346 961 1463 995 deinde
1486 974 1540 996 ex-

347 1029 471 1065 pectare
494 1032 642 1054 securum
666 1020 823 1065 reliquam
846 1020 1000 1064 temporis
1024 1020 1074 1054 sui
1093 1028 1215 1063 partem
1230 1020 1274 1054 (²).
1334 1020 1395 1054 hec
1419 1020 1485 1060 ille;
1506 1029 1541 1054 ut

347 1078 495 1123 colligere
519 1079 621 1123 possis
644 1079 751 1122 ipsum
775 1089 830 1122 per
853 1078 951 1111 vitam
972 1077 1148 1122 intelligere
1176 1078 1279 1111 solam
1302 1078 1458 1112 moralem
1481 1089 1540 1112 no-

346 1146 486 1171 strorum
505 1146 635 1171 actuum
658 1136 906 1176 institutionem,
930 1147 1029 1180 quam
1054 1136 1237 1169 consumari
1256 1136 1333 1169 velit
1355 1145 1430 1169 ante
1453 1147 1540 1170 mor-

346 1204 423 1229 tem.
470 1195 559 1228 cuius
579 1194 707 1228 initium
727 1194 908 1238 inceptione
929 1193 1094 1238 multiplici
1110 1194 1230 1227 variare
1250 1205 1324 1227 cum
1344 1193 1427 1227 male
1446 1205 1540 1238 agere

346 1255 394 1294 sit,
418 1253 488 1297 quis
520 1264 588 1286 non
618 1253 778 1296 intelligit,
803 1253 959 1296 quoniam
991 1252 1201 1286 institutionis
1229 1263 1316 1286 nove
1347 1251 1540 1296 principium

349 1319 466 1351 toturn,
486 1310 574 1355 quod
598 1320 670 1344 ante
691 1310 808 1343 factum
830 1309 941 1351 fuerat,
960 1309 1080 1354 perdat,
1099 1310 1168 1354 plus
1192 1321 1288 1354 quam
1311 1309 1541 1344 rationabiliter

349 1369 470 1403 dictum
495 1380 563 1402 esse
587 1368 690 1401 taliter
708 1368 875 1413 agentibus
894 1368 958 1401 vite
983 1368 1111 1402 moralis
1129 1379 1282 1412 magnam
1298 1377 1420 1412 partem
1435 1368 1540 1402 elabi?

346 1427 500 1471 quoniam
523 1427 568 1460 sic
587 1426 626 1459 ab
649 1426 717 1459 istis
741 1426 898 1470 incipitur,
915 1425 1003 1470 quod
1019 1425 1170 1470 quicquid
1189 1436 1377 1470 paraverant
1399 1426 1540 1460 diruatur

346 1495 377 1519 et
393 1485 437 1518 sic
454 1485 611 1529 attingant
626 1484 706 1518 bene
725 1484 855 1518 vivendi
870 1484 1071 1528 principium,
1091 1484 1179 1528 quod
1199 1496 1287 1525 mox,
1304 1484 1360 1518 illo
1376 1484 1539 1527 damnato,

345 1552 479 1587 querant
499 1542 608 1583 alium,
632 1553 697 1586 quo
723 1542 829 1576 vivere
854 1542 989 1587 possint,
1011 1542 1171 1575 modum?
1216 1543 1269 1587 qui
1295 1554 1372 1576 vero
1391 1551 1468 1576 tunc
1491 1543 1541 1576 in—

346 1602 475 1645 cipiunt,
493 1612 567 1635 curn
591 1612 669 1634 mox
693 1601 732 1634 sit
756 1611 796 1634 ex
820 1601 879 1633 hac
899 1600 962 1634 vita
982 1599 1199 1645 migrandum,
1215 1601 1324 1645 quales
1343 1600 1458 1645 quibus
1481 1601 1539 1634 im-

344 1659 447 1703 posita
477 1657 572 1692 fuerit
601 1659 773 1692 necessitas
797 1658 967 1698 moriendi,
1001 1658 1156 1702 quoniam
1187 1658 1232 1692 sic
1265 1658 1431 1702 incipiunt,
1451 1657 1540 1702 quod

344 1716 457 1751 frustra
480 1726 606 1761 sperent
635 1717 759 1761 assequi
782 1716 882 1750 finem
906 1727 1003 1761 posse
1026 1725 1059 1750 et
1081 1716 1182 1750 vitam
1205 1725 1279 1750 ante
1302 1725 1441 1750 mortem
1462 1727 1539 1750 con-

343 1786 482 1816 sumare,
505 1776 587 1809 sicut
610 1783 720 1808 auctor
742 1773 839 1813 iubet,
864 1785 937 1808 curn
958 1774 1002 1815 hi,
1023 1775 1114 1808 sicuti
1131 1774 1301 1815 cernimus,
1318 1774 1415 1808 nichil
1431 1783 1539 1818 agant,

343 1832 408 1866 fine
441 1832 559 1866 scilicet
587 1843 684 1877 quem
719 1840 872 1876 expetunt
905 1831 1043 1872 carituri,
1067 1842 1177 1865 nonne
1208 1832 1385 1865 maximam
1409 1830 1538 1865 moralis

343 1891 408 1924 vite
426 1898 549 1934 partem
573 1889 747 1923 amittunt?
791 1889 823 1922 hi
847 1898 922 1923 sunt
941 1900 1019 1934 ergo
1038 1888 1135 1923 nichil
1159 1898 1301 1934 agentes,
1317 1889 1381 1923 hoc
1403 1897 1451 1923 est
1473 1887 1540 1923 fru-

396 1991 416 2007 a.
438 1985 457 2007 V
467 1985 600 2007 reducemus
627 1985 647 2007 P
658 1985 795 2007 deducamus

342 2024 379 2047 Ls
391 2026 520 2054 aggiunge
534 2025 597 2048 testis
611 2026 636 2047 ln
651 2031 730 2054 marg.
772 2024 807 2047 Μ’
822 2027 907 2047 omeue
919 2029 953 2047 est

855 1991 876 2014 3.
891 1985 927 2007 Me
940 1987 1025 2007 omem
1040 1985 1068 2007 Et
1108 1984 1145 2006 M²
1159 1984 1223 2007 testis
1234 1985 1315 2013 prima
1325 1985 1350 2006 d·
1359 1988 1418 2007 auct.
1433 1987 1539 2008 canabo.

1013 2033 1039 2052 4.
1055 2023 1091 2047 Μ2
1105 2027 1188 2047 omeue
1203 2024 1261 2047 mle
1323 2025 1347 2047 6.
1361 2024 1399 2047 LS
1410 2024 1442 2047 da
1455 2028 1539 2047 nocent

341 2066 464 2094 aggiunto
475 2066 499 2088 in
509 2065 628 2094 margine.
685 2066 706 2088 8.
720 2064 943 2087 PVinconetanxiam
986 2065 1005 2086 V
1012 2071 1056 2093 per
1070 2065 1089 2086 il
1101 2065 1201 2087 secondo
1214 2063 1275 2086 aliud
1289 2065 1364 2088 terim
1377 2064 1433 2087 aliut
1486 2071 1510 2094 9.
1522 2066 1541 2088 V

341 2105 421 2127 deduc.
492 2112 527 2128 ιο.
543 2104 579 2127 Μ2
594 2104 752 2127 excitationem
827 2110 860 2128 ιι.
881 2104 899 2126 V
910 2107 996 2126 omette
1011 2104 1079 2126 vitam
1092 2110 1106 2126 e
1119 2104 1150 2126 dci
1164 2108 1264 2132 spectare
1335 2110 1368 2126 η.
1389 2104 1408 2126 V
1417 2105 1452 2127 sui
1466 2108 1537 2134 temp.

345 2152 351 2167 1
358 2152 379 2175 3.
388 2145 506 2174 colligere]
518 2145 554 2167 Me
569 2144 691 2173 intelligere
726 2144 763 2166 Μ’
774 2144 891 2167 moralium
949 2144 980 2167 16.
990 2144 1028 2167 Me
1036 2150 1088 2166 cum
1145 2151 1180 2173 ¹7·
1191 2144 1228 2166 Me
1238 2148 1284 2166 arte
1341 2144 1375 2167 18.
1390 2143 1419 2167 1)
1434 2144 1466 2166 dd
1479 2150 1536 2167 mor.

341 2186 386 2208 due
400 2187 467 2210 volte.
538 2193 573 2216 ¹9·
587 2186 607 2208 P
619 2186 672 2215 ipsis
720 2186 738 2208 V
748 2186 842 2208 duratur
895 2192 932 2208 πο.
947 2184 985 2206 ΜΞ
1001 2185 1020 2207 V
1029 2185 1143 2213 attingunt
1183 2184 1218 2207 Μ’
1234 2186 1297 2207 duva
1311 2185 1372 2214 quod
1383 2191 1429 2214 per
1439 2186 1535 2214 intrem,

342 2233 380 2249 ma
387 2228 419 2255 fu
429 2230 543 2250 caseatae
557 2227 675 2250 metitum
688 2227 748 2249 colla
763 2227 828 2256 eig1a
841 2227 882 2249 del
893 2226 953 2255 quod
970 2229 1043 2249 steno
1051 2234 1060 2254 ‚·
1090 2226 1126 2248 VR
1146 2226 1224 2249 invece
1244 2226 1308 2248 della
1323 2227 1388 2255 sigla
1402 2227 1537 2250 cancellata

341 2273 394 2289 reca
405 2267 488 2289 serino
495 2267 587 2290 d'altra
601 2273 671 2302 ugano
685 2261 717 2296 q]
769 2273 804 2290 ιι.
819 2266 849 2289 L²
863 2273 926 2296 quer.
941 2267 1002 2289 mod.
1016 2267 1044 2290 ιΙ.
1100 2273 1136 2295 ²5·
1151 2265 1182 2288 υ
1193 2267 1231 2289 Me
1244 2265 1278 2289 sic
1287 2273 1332 2295 per
1345 2266 1405 2289 nient
1465 2267 1499 2289 26.
1521 2267 1541 2290 V

342 2307 408 2329 finem
450 2307 487 2329 Me
501 2307 603 2329 mortalis
656 2307 726 2337 26-27.
738 2307 774 2330 M*
789 2307 835 2330 vite
849 2313 904 2331 mor.

377 2385 419 2420 (1)
431 2385 548 2421 SEN.Ep.
556 2385 655 2413 adLuc.
662 2385 761 2418 XXIII,
769 2386 822 2421 7·8.
848 2386 892 2412 Ma
902 2385 921 2412 il
928 2391 997 2413 testo
1005 2391 1128 2421 presenta
1137 2393 1282 2412 numerose
1288 2385 1535 2413 varietddilezioni.

376 2434 419 2469 (2)
438 2433 504 2462 Suu.
523 2442 567 2471 op.
586 2435 628 2461 cit.
648 2433 762 2468 XXXII,
782 2442 842 2470 2-3.

1571 912 1611 936 10

1571 1203 1608 1236 15

1566 1491 1610 1516 20

1565 1779 1606 1813 25
