1682 2762
81 899 120 922 10

82 1188 120 1221 15

77 1483 120 1508 20

77 1775 119 1808 25

76 2068 118 2102 30

415 249 462 276 D1
493 249 757 278 COLUCCIO
790 250 1061 278 SALUTATI.
1280 242 1337 274 181

149 382 182 408 et
198 373 350 408 latentem
374 374 578 418 equalitatem
601 374 781 416 ostendam,
805 384 842 408 ut
863 374 980 408 sentire
1006 375 1108 419 possis
1131 374 1214 408 hanc
1234 373 1343 408 dulce-

149 431 259 465 dinem
282 431 322 465 de
351 431 513 476 parilitatis
537 433 627 466 fonte
660 433 889 467 rationabiliter
917 434 1078 467 scaturire.
1142 433 1222 466 scire
1246 431 1342 466 debes

148 490 245 534 igitur
278 490 404 534 proprie
437 499 577 524 metrum
601 489 676 531 dici,
697 490 786 535 quod
817 490 943 524 duobus
966 490 1100 536 pedibus
1130 499 1342 531 mensuratur,

148 546 235 580 unde
257 546 384 580 dimetri
407 547 534 580 iambici
557 547 631 581 dicti
650 557 725 581 sunt
742 548 797 592 qui
818 557 964 582 constant
983 560 1023 581 ex
1041 557 1180 592 quatuor
1198 547 1342 592 pedibus.

149 603 266 638 deinde
289 604 466 638 tenendum
489 614 629 639 metrum
645 615 790 639 constare
806 617 874 640 non
890 617 994 650 posse,
1011 606 1071 639 nisi
1087 605 1190 650 plenis
1209 605 1342 650 pedibus

149 660 332 706 impleatur;
356 670 388 695 et
410 661 487 695 illud
510 662 677 696 sciendum
707 663 862 697 unitatem
887 674 955 697 non
979 674 1048 697 esse
1072 674 1258 704 numerum,
1282 675 1342 697 nec

148 729 183 752 se
199 719 251 753 vel
269 719 347 761 alios
360 719 603 764 multiplicando
621 719 724 754 facere
738 731 832 765 posse
846 721 899 754 vel
913 721 1087 754 minimum
1105 722 1342 755 incrementum

148 787 181 811 et
207 789 341 811 omnem
369 789 540 812 numerum
568 778 812 822 multiplicatum
835 780 869 812 in
903 791 937 812 se
971 778 1074 812 facere
1106 778 1342 823 quadraturam.

148 847 235 869 nunc
267 845 375 871 autem
405 836 652 881 multiplicemus
684 838 718 871 in
747 837 937 882 semetipsos
968 849 1121 872 numeros
1148 847 1342 880 metrorum;

148 894 331 929 invenimus
361 895 449 929 enim
479 896 512 929 in
543 905 665 940 septem
695 895 908 940 semipedibus
938 907 1042 930 unum
1071 906 1222 937 metrum,
1255 897 1343 941 quod

149 962 287 998 quatuor
304 952 520 998 semipedibus
539 962 749 988 mensuratur.
795 963 906 999 quater
928 965 1006 998 ergo
1025 963 1163 998 quatuor
1181 954 1343 988 sexdecim

149 1019 248 1044 creat:
273 1020 335 1045 tres
359 1020 468 1045 autem
491 1011 670 1056 semipedes
693 1012 748 1056 qui
771 1020 902 1053 restant,
923 1012 1080 1056 quoniam
1106 1022 1244 1046 metrum
1275 1024 1342 1046 non

148 1068 328 1114 perficiunt;
352 1081 419 1104 non
442 1069 560 1104 habent
583 1070 672 1104 enim
695 1069 830 1104 faciendi
854 1079 994 1104 metrum
1018 1070 1103 1104 illam
1126 1082 1223 1115 quam
1248 1070 1343 1104 habet

148 1127 346 1171 quaternitas
370 1136 576 1171 potestatem3
606 1128 689 1162 sicut
716 1127 844 1162 alterius
866 1128 997 1162 rationis
1021 1139 1079 1173 per
1105 1137 1208 1162 semet
1234 1129 1342 1170 etiam,

149 1192 185 1218 ut
207 1184 246 1218 ad
278 1185 468 1230 quadratum
491 1184 578 1219 aliud
600 1185 722 1225 venias,
752 1185 1002 1230 multiplicemus
1025 1194 1058 1219 et
1086 1186 1132 1220 sic
1154 1185 1342 1220 habebimus

149 1252 269 1276 novem
277 1255 287 1284 ;
300 1243 477 1277 coniunctis
489 1243 598 1288 itaque
611 1243 775 1278 sexdecim
789 1252 884 1288 atque
896 1255 1017 1278 novem
1035 1243 1224 1278 habebimus
1237 1244 1342 1289 vigin-

148 1298 325 1344 tiquinque.
371 1311 459 1334 nunc
478 1309 583 1334 autem
604 1300 659 1345 qui
679 1309 799 1334 restant
817 1300 958 1345 quinque
976 1299 1168 1345 semipedes,
1186 1301 1340 1345 quoniam

147 1355 267 1392 faciunt
286 1369 389 1392 unum
412 1367 562 1400 metrum,
585 1369 753 1403 possemus
775 1368 811 1392 ut
829 1358 918 1392 illum
934 1359 1171 1404 quaternarium
1191 1358 1341 1404 multipli-

148 1428 236 1460 care;
255 1417 312 1452 sed
331 1418 447 1460 unitas,
465 1430 528 1464 que
544 1428 697 1463 superest,
711 1418 915 1464 multiplicari
929 1430 997 1453 non
1013 1428 1128 1464 potest,
1147 1429 1183 1454 ut
1202 1419 1340 1464 aliquam

148 1473 264 1509 efficiat
287 1475 458 1510 crescendo
480 1475 716 1520 quadraturam.
762 1487 803 1510 ne
825 1485 991 1510 remaneat
1018 1476 1116 1521 igitur
1138 1475 1234 1509 huius
1262 1487 1340 1520 pen-

147 1531 344 1567 themimeris
363 1532 481 1578 aliquid
498 1532 790 1578 immultiplicatum
810 1542 843 1568 et
860 1533 948 1579 quod
971 1533 1011 1568 ad
1034 1533 1190 1578 quadrum
1209 1533 1254 1568 sic
1274 1545 1340 1567 non

147 1589 318 1636 redigatur,
342 1602 471 1626 necesse
494 1590 531 1626 fit
554 1591 606 1625 illa
628 1593 770 1637 quinque
793 1592 827 1626 in
850 1603 884 1626 se
908 1592 976 1637 ipsa
994 1591 1258 1636 multiplicemus3
1277 1603 1341 1636 que

148 1658 317 1694 supputata
340 1650 532 1695 perveniunt
555 1649 595 1683 ad
614 1661 786 1684 numerum
808 1650 1078 1695 vigintiquinque,
1096 1659 1132 1684 ut
1149 1650 1195 1684 sic
1210 1650 1340 1684 reducta

148 1707 188 1742 ad
216 1718 370 1742 numeros
402 1707 572 1753 quadratos
598 1707 808 1752 arythmetica
837 1709 970 1750 ratione,
993 1708 1160 1743 videamus
1186 1709 1247 1744 hec
1273 1708 1339 1743 duo

148 1765 303 1807 membra,
314 1765 341 1799 si
359 1766 424 1800 suis
439 1765 586 1800 distincta
601 1765 776 1800 rationibus
793 1766 1051 1811 multiplicentur,
1069 1766 1108 1800 ad
1124 1766 1339 1811 equalitatem,

147 1822 240 1857 sicuti
263 1822 566 1864 demonstravimus,
585 1823 762 1868 pervenire.

214 1882 285 1916 Hec
303 1881 411 1923 habui,
423 1894 485 1928 que
505 1881 545 1916 de
563 1882 627 1916 tuis
646 1881 895 1917 dubitationibus
919 1893 1132 1917 occurrerunt.
1171 1883 1205 1917 in
1224 1883 1339 1928 quibus

146 1940 173 1974 si
202 1940 371 1985 requiescit
393 1941 519 1974 animus
542 1950 624 1980 tuus,
650 1940 731 1975 bene
754 1950 816 1982 est;
839 1942 888 1975 sin
912 1942 944 1975 in
969 1941 1076 1986 aliquo
1108 1951 1215 1975 autem
1247 1953 1338 1975 mens

146 1998 360 2043 suspenditur,
384 2000 479 2044 aperi,
503 2010 626 2043 precor,
645 2008 680 2033 ut
703 2008 811 2034 tecum
830 1998 1005 2034 dubitando
1034 1999 1210 2044 proficiam.
1257 1999 1337 2034 vale.

148 2056 321 2098 Florentie‚
344 2067 448 2091 nonas
471 2057 584 2091 martii.

202 2197 222 2214 ι.
235 2190 292 2214 eod.
301 2190 430 2220 qualitatem
498 2197 521 2220 3.
531 2190 618 2220 proprie
624 2191 660 2221 sn
679 2191 799 2220 αςςίιιπιο
812 2191 837 2213 in
851 2191 963 2220 margine
977 2191 1019 2214 dal
1030 2191 1130 2220 copiam.
1194 2197 1217 2220 7.
1231 2190 1287 2214 eod.
1303 2190 1338 2214 fa-

147 2236 226 2254 eemut
239 2231 262 2253 in
277 2231 422 2260 umetipnoaf
438 2237 476 2253 na
490 2231 509 2253 11
519 2231 620 2260 copiam,
630 2231 766 2254 ama-aon·
773 2231 923 2259 detra-rore,
933 2231 1025 2254 ruane
1040 2230 1141 2254 iacemus
1149 2236 1164 2252 a
1178 2230 1253 2254 facere
1261 2237 1275 2253 e
1283 2237 1338 2254 can-

145 2270 205 2294 ιτΙΙὸ
218 2270 238 2293 a
244 2273 315 2294 reno.
386 2271 417 2294 18.
433 2270 488 2293 σαί.
503 2274 525 2293 et
592 2276 664 2294 20-21.
676 2270 731 2294 Cod.
747 2270 912 2300 penumemeri·
978 2277 1014 2300 ²3·
1026 2270 1082 2294 Cod.
1098 2274 1224 2299 supputans
1236 2270 1337 2299 pervenit

145 2316 186 2339 ³4.
200 2310 258 2334 cod.
271 2310 369 2340 innam
380 2310 414 2333 ad
426 2309 454 2333 ad
467 2309 499 2333 dd
512 2310 554 2333 hec
567 2311 609 2333 che
621 2313 714 2334 onem.
787 2310 820 2333 26.
832 2311 896 2340 Dopo
909 2311 1027 2339 pervenire
1035 2311 1087 2334 cod.
1101 2311 1231 2340 aggitange
1243 2314 1278 2338 et,
1293 2311 1336 2333 che

145 2350 177 2373 Ιιο
189 2355 320 2380 sontem.

1393 1885 1444 1907 eoa}
1458 1893 1468 1907 ι
1483 1892 1518 1907 era
1531 1893 1579 1908 aver

1367 1913 1416 1934 dato
1496 1913 1578 1934 facente

1366 1940 1394 1960 ris
1423 1945 1455 1960 nu
1485 1940 1504 1961 nl
1531 1940 1577 1961 mot

1367 1967 1394 1987 du
1409 1966 1440 1991 ³3
1455 1973 1488 1987 m
1501 1973 1524 1987 κ
1534 1973 1577 1987 nou

1366 1993 1422 2014 {om
1435 2000 1495 2021 pago.
1511 1993 1577 2014 riseri-

1365 2026 1398 2042 va.
