1696 2782
108 934 147 959 10

105 1224 144 1258 ¹5

102 1513 147 1538 20

102 1803 143 1837 25

104 2091 146 2126 3⁰

459 275 507 302 DI
540 272 805 302 COLUCCIO
840 270 1095 299 SALUTATI
1312 273 1370 305 113

176 400 244 434 sive
256 399 430 433 divisiones
442 399 506 433 sint
519 400 705 444 gratiarum,
718 410 802 432 unus
815 406 863 431 est
874 397 1000 441 spiritus
1007 409 1016 438 ;
1029 397 1098 430 sive
1109 397 1371 437 ministeriorum,
1401 401 1619 456 &gazum-unumqu-

176 470 260 493 unus
279 467 328 492 est
341 457 519 498 Dominus3
533 458 602 491 sive
617 457 794 491 divisiones
809 456 1046 501 operationum,
1063 467 1146 489 unus
1161 464 1208 489 est
1223 455 1314 489 Deus
1327 454 1373 489 (¹).

175 516 275 550 miror
296 526 407 550 autem
429 515 586 550 Iacobum
609 527 720 549 meum
743 514 825 548 adeo
848 525 931 548 vane
955 512 1196 547 consuetudinis
1222 513 1374 547 cacoethe
1402 551 1417 572 v
1425 525 1508 579 “1213
1528 525 1619 574 ὣᾚξ

174 574 313 614 retineri,
332 573 433 618 quod,
451 584 526 608 cum
545 573 738 606 multociens
757 571 798 606 de
810 583 864 606 me
882 572 1021 616 potuerit
1035 570 1198 605 addiscere
1221 571 1318 605 nichil
1341 571 1374 604 in
1403 578 1464 604 doloz

174 643 229 665 me
250 631 379 676 reperiri
388 630 560 672 laudabile,
578 630 666 675 quod
685 631 835 674 imputari
858 629 956 663 michi
976 629 1090 663 debeat
1097 642 1108 670 ;
1132 640 1186 662 me
1212 629 1320 663 laudet
1342 637 1375 662 et

173 698 206 724 te
224 690 258 723 in
275 699 343 723 tam
362 689 495 723 deliram
518 689 708 733 opinionem
725 689 915 729 coniecerit;
931 687 1067 732 quanvis
1091 688 1198 721 omnis
1218 687 1270 721 hic
1289 698 1376 720 error
1402 691 1621 742 QQJYAEJ:

174 746 232 781 tibi
262 747 370 791 potius
401 748 500 792 quam
523 747 582 780 sibi
611 747 663 788 sit,
686 756 722 781 ut
751 746 959 780 amicabiliter
987 754 1096 780 tecum
1125 745 1249 790 loquar,
1279 746 1375 780 ascri-
1403 744 1620 792 ξξξῇηᾋζξξςξζ

174 804 328 846 bendum,
351 805 406 850 qui
426 805 586 846 debueris,
603 814 776 850 postquam
794 806 828 839 in
848 804 912 838 hoc
938 803 1119 838 doctrinam
1146 804 1290 838 veritatis
1308 815 1375 838 non
1402 797 1432 825 ⁸¹³
1446 797 1489 818 ¹⁰³³

173 862 307 903 redolet,
330 863 436 908 ipsum
461 864 621 908 corrigere
643 875 843 908 monereque
865 874 926 897 nec
949 874 1002 896 me
1014 874 1074 896 nec
1087 862 1226 907 aliquem
1246 862 1374 897 laudare

173 920 288 956 debeat
306 921 359 955 vel
377 922 499 963 mirari;
519 921 575 956 sed
593 922 695 963 illum,
713 922 764 956 cui
778 933 855 956 vere
874 921 1085 966 principaliter
1099 930 1131 955 et
1150 921 1190 955 de
1206 933 1263 966 per
1280 933 1316 956 se
1334 922 1374 956 de

174 979 296 1013 cunctis
320 979 556 1014 admirabilibus
579 980 748 1014 admiratio
771 988 804 1014 et
822 979 988 1014 laudabilis
1011 979 1079 1013 laus
1103 979 1246 1013 debetur.
1294 979 1375 1014 divi-

173 1037 254 1072 dens
268 1037 356 1072 enim
369 1038 498 1082 spiritus
521 1038 632 1072 omnia
654 1038 799 1083 singulis,
816 1047 910 1083 prout
933 1037 1014 1078 vult,
1026 1047 1074 1072 est
1089 1037 1142 1072 ille
1158 1037 1198 1072 de
1217 1049 1284 1082 quo
1299 1038 1374 1072 scri-

174 1095 272 1129 bitur:
295 1095 346 1129 alii
370 1095 502 1141 quidem
526 1107 582 1141 per
604 1097 751 1141 spiritum
767 1096 860 1130 datur
881 1107 990 1130 sermo
1009 1096 1174 1141 sapientie,
1191 1096 1244 1130 alii
1264 1106 1373 1131 autem

173 1163 282 1186 sermo
304 1153 437 1187 scientie
462 1152 642 1188 secundum
669 1152 810 1187 eundem
839 1153 986 1198 spiritum
997 1153 1043 1187 (ἢ.
1086 1153 1216 1188 laudare
1241 1153 1373 1198 quidem

171 1211 269 1255 igitur
283 1222 344 1245 nos
362 1222 430 1245 non
445 1212 552 1245 minus
575 1220 625 1246 est
638 1211 809 1246 ridiculum
824 1223 923 1256 quam
941 1210 1052 1246 efferre
1074 1211 1223 1246 laudibus
1242 1212 1372 1257 aliquod
1400 1214 1615 1262 ξξῖιζοξάῆῇξοξιζζ

173 1268 334 1302 musicum
353 1270 614 1304 instrumentum.
661 1281 749 1311 nam,
766 1281 840 1304 cum
859 1270 946 1304 nulla
963 1281 1038 1304 vasa
1054 1271 1177 1305 musica
1195 1283 1252 1316 per
1270 1283 1305 1306 se
1319 1282 1372 1306 so-
1400 1267 1616 1321 ἷζζῖῗῗῇῗξωο·

172 1334 252 1360 nent
270 1326 322 1360 vel
344 1326 461 1371 aliquid
485 1326 570 1361 aliud
594 1336 776 1372 operentur,
799 1327 860 1361 nisi
880 1336 1038 1372 quantum
1049 1327 1165 1362 artifex
1185 1329 1372 1374 musiceque

172 1384 291 1428 peritus
313 1383 374 1418 illis
393 1384 434 1419 ad
456 1385 604 1419 armonie
617 1385 822 1420 dulcedinem
835 1386 935 1420 utitur
941 1398 951 1427 ;
963 1397 1023 1420 nec
1038 1386 1127 1431 quod
1142 1386 1224 1421 bene
1239 1398 1371 1432 respon·

173 1441 271 1477 deant
301 1442 445 1488 ipsorum
467 1443 537 1478 laus
559 1453 617 1484 est,
641 1443 699 1478 sed
734 1445 802 1478 eius
825 1444 964 1478 omnino
987 1444 1042 1489 qui
1066 1445 1141 1479 talia
1163 1446 1279 1490 potuit,
1304 1447 1372 1491 ipsa

173 1501 267 1535 scivit
289 1509 322 1535 et
344 1501 446 1535 voluit
468 1500 638 1543 fabricare;
662 1511 695 1536 et
718 1502 808 1536 Deus
831 1501 940 1536 fecerit
963 1514 1036 1543 nos,
1066 1514 1133 1537 non
1157 1504 1217 1548 ipsi
1241 1515 1313 1546 nos,
1337 1514 1372 1539 ut

173 1558 435 1605 psalmigraphus
453 1561 498 1594 ait
508 1560 555 1601 (⁵),
572 1569 605 1594 et
623 1561 734 1594 omnia
752 1571 815 1605 que
834 1559 983 1602 facimus,
1001 1561 1070 1595 imo
1086 1560 1190 1597 facere
1213 1562 1371 1605 videmur,

173 1617 242 1663 ipse
254 1616 348 1652 faciat
362 1617 396 1652 in
412 1617 507 1652 nobis
525 1627 559 1652 et
573 1630 629 1663 per
643 1629 724 1660 nos3
740 1629 851 1654 nonne
866 1628 934 1653 tota
949 1619 1018 1654 laus
1037 1619 1125 1664 quod
1143 1631 1266 1662 sumus,
1283 1620 1371 1666 quod
1399 1619 1495 1668 πύξ,
1534 1621 1540 1641 ¹
1575 1621 1614 1668 Ὗ,

173 1674 250 1710 tales
267 1687 392 1716 sumus,
413 1675 566 1722 quodque
584 1676 657 1710 talia
673 1676 809 1711 facimus
827 1676 933 1722 qualia
951 1676 1049 1722 digna
1067 1687 1144 1712 suut
1162 1678 1268 1720 laude,
1286 1679 1370 1720 Deo,
1399 1675 1506 1702 “⁸⁶⁸³''³⁰·

173 1745 242 1768 uon
261 1733 365 1775 nobis,
380 1734 464 1768 iuste
478 1734 769 1779 rationabiliterque
788 1734 931 1770 redditur
949 1744 981 1770 et
996 1735 1154 1771 debetur?
1199 1736 1289 1782 quod
1313 1737 1372 1772 hec

172 1801 281 1826 autem
295 1792 389 1826 nobis
401 1791 620 1834 attribuantur,
633 1804 710 1828 cum
721 1801 830 1828 nostra
841 1804 909 1828 non
927 1793 1003 1834 sint,
1020 1794 1140 1829 nedum
1157 1806 1224 1830 non
1240 1796 1372 1837 iustum,

171 1849 230 1884 sed
251 1850 380 1894 penitus
402 1850 549 1895 iniquum
565 1860 630 1892 eeu
649 1862 710 1885 nec
727 1860 834 1896 potest
848 1851 953 1897 aliqua
975 1853 1140 1887 rationum
1156 1855 1372 1888 connectione

173 1905 300 1948 deduci,
321 1905 411 1951 quod
433 1918 474 1940 ex
496 1907 546 1941 his
568 1919 631 1952 que
653 1917 730 1943 sunt
751 1908 786 1943 in
808 1908 914 1951 nobis,
936 1910 964 1943 si
986 1908 1104 1944 fuerint
1126 1910 1166 1944 ab
1189 1910 1265 1953 alio,
1279 1910 1372 1945 nobis

173 1963 278 2009 aliqua
295 1964 536 1999 commendatio
559 1964 721 2000 debeatur.
768 1966 870 2001 nolim
894 1968 991 2012 igitur
1014 1967 1172 2003 Iacobum
1195 1979 1307 2004 meum
1332 1969 1371 2004 de
1422 1972 1614 2031 mmm-¹·

173 2033 228 2056 me
245 2031 313 2056 tam
331 2032 439 2067 aperte
454 2024 600 2065 meatim
615 2023 713 2058 velim
731 2034 764 2058 et
778 2033 811 2058 te
830 2024 1041 2067 laudationes,
1059 2026 1100 2060 de
1123 2038 1176 2060 me
1195 2027 1373 2071 presertim,
1399 2032 1445 2048 ¹¹¹⁰
1460 2028 1572 2051 “²²¹⁸‘’-

173 2091 253 2125 quas
275 2080 374 2114 michi
397 2081 526 2115 noveris
548 2093 616 2116 non
649 2081 768 2123 deberi,
791 2093 860 2117 non
883 2092 951 2117 tam
974 2083 1118 2128 precipiti
1141 2085 1258 2119 mentis
1281 2084 1372 2119 incli-

173 2139 304 2172 natione
326 2139 497 2184 suscipere,
520 2140 610 2185 quod
632 2141 668 2175 in
682 2150 861 2176 πεπτω-ιω
873 2142 1005 2187 indigne
1019 2142 1135 2178 referas
1157 2143 1246 2188 quod
1265 2143 1373 2178 solum

227 2220 321 2271 ³5⁰⁰*
335 2226 439 2253 amane
520 2237 542 2260 5.
558 2224 616 2254 ῥοαί.
630 2232 691 2262 dopo
705 2232 783 2256 debent
794 2239 856 2262 pone
869 2233 897 2256 dl
909 2239 985 2257 nuovo
999 2234 1060 2264 quod
1144 2241 1179 2258 ιο.
1195 2234 1245 2264 cui]
1261 2235 1318 2259 σοί.
1333 2235 1373 2266 qui

172 2267 381 2299 «Μυσὴ-ι
446 2270 1042 2303 2⁴.11q=·⁶aop0mimbu.eanumst
1065 2270 1193 2297 ummo&
1213 2270 1374 2305 aceessum.

176 2315 254 2339 ³0³¹·
268 2309 326 2332 σοί.
339 2309 400 2340 dopo
413 2309 559 2334 inclinatione
572 2312 634 2335 dosa
648 2311 734 2342 percipi
741 2329 750 2342 ,
763 2313 808 2343 pol
819 2314 958 2336 cautellam.

209 2394 252 2429 (ι)
271 2394 314 2422 cf.
326 2402 348 2423 s,
362 2394 451 2422 Pam..
467 2395 515 2432 Ep.
534 2395 550 2423 1
560 2396 594 2423 ad
608 2395 668 2424 Cor.
689 2397 751 2430 xil,
832 2397 873 2434 (2)
894 2398 922 2425 S.
941 2398 1030 2426 ΡΑυι.
1048 2398 1112 2426 ibid.
1131 2399 1191 2435 7—8.

174 2435 229 2470 4-6.
831 2440 876 2475 (3)
894 2439 987 2467 Psalm.
1007 2439 1108 2474 XCIX,
1128 2449 1150 2476 3.

282 2502 392 2526 coeam»
406 2503 519 2533 Sanun,
534 2504 576 2528 m.
1268 2501 1284 2527 8
