1682 2762
97 864 136 889 10

97 1218 137 1253 15

96 1564 139 1589 20

427 211 476 238 DI
506 210 768 239 corucem
801 210 1069 238 SALUTATI.
1282 212 1344 246 235

161 336 250 370 bellis
273 345 466 380 occupatum
489 335 624 369 adivisse
647 343 679 368 et
694 335 847 368 tredecim
864 346 939 368 cum
958 335 1029 379 ipso
1046 334 1157 368 diebus
1174 334 1348 368 indulxisse

161 394 280 434 veneri,
297 404 362 437 quo
377 394 443 427 voti
460 404 594 436 compos
612 393 726 426 rediret
742 393 776 426 in
794 393 995 436 patriam?<¹>
1040 405 1103 437 que
1120 404 1194 426 cum
1207 393 1247 426 de
1261 393 1350 426 Gen-

162 451 267 485 tilibus
283 451 439 494 legantur,
450 451 520 495 quis
535 462 679 495 unquam
699 450 824 484 auditus
844 459 892 484 est
914 450 1153 494 reprehendisse
1176 460 1285 494 poetas
1301 462 1348 484 re·
1377 454 1593 508 glffiffiissggoefiuf:

161 508 298 542 ferentes
321 517 375 542 aut
396 507 555 552 fingentes
580 507 619 541 de
639 508 698 541 diis
715 519 752 541 ac
776 508 960 542 hominibus
979 509 1049 549 ista,
1065 520 1127 552 que
1141 509 1258 542 nostris
1279 519 1350 541 mo·
1377 508 1493 555 32:232?
1508 508 1592 534 δίκῃ·

1503 534 1582 555 mevoli
1586 550 1591 555 .

161 567 247 601 ribus
270 576 345 600 sunt
367 565 539 610 pudenda?
583 577 651 599 non
675 575 723 599 est
746 566 779 600 in
805 567 891 599 Enee
914 566 1044 599 laudem
1068 567 1126 599 iste
1151 565 1350 606 concubitus,
1379 561 1592 608 asffl'ssssss'ffss

1378 614 1443 638 Eue..
1451 613 1466 634 il
1481 620 1519 634 mo
1533 621 1592 634 emor

161 624 218 658 sed
242 623 505 658 commendabilis
525 635 543 656 a
565 633 661 668 poeta
678 624 728 657 vir
745 623 894 664 redditur,
915 624 1069 667 quoniam
1093 624 1244 657 invitatus
1268 623 1352 658 mul·
1378 647 1419 661 ω.
1427 641 1510 661 num
1520 640 1592 662 ama

162 691 267 716 tarum
297 693 404 715 rerum
427 681 581 715 illecebris
613 692 778 725 nunquam
808 682 891 722 arsit,
915 681 972 715 sed
999 681 1164 715 moderate
1190 681 1351 715 inducitur
1378 672 1481 721 ffissffii
1489 672 1592 716 mem

162 741 332 780 amavisse,
348 739 495 784 adeoque
518 748 702 773 constanter
724 739 762 772 ab
794 750 914 779 amore,
933 739 988 783 qui
1021 739 1146 783 concipi
1170 749 1202 773 et
1236 751 1351 783 urgere

162 797 254 839 solet,
277 797 438 831 Mercurio
471 798 654 837 nunciante,
678 796 869 837 discessisse,
891 796 979 840 quod
1010 796 1103 830 nullis
1128 796 1274 841 precibus
1298 805 1353 831 aut

162 854 298 889 lacrimis
321 855 444 888 exorari
467 855 618 899 potuerit,
634 855 732 888 etiam
743 863 779 888 ut
794 853 949 896 differret3
966 863 1001 888 ut
1019 854 1134 888 merito
1154 854 1275 888 dictum
1294 854 1350 888 sit:

338 947 416 974 Meus
434 948 550 974 immota
568 952 669 979 manet,
687 946 800 974 lacrime
818 946 961 974 volvuntur
980 947 1074 974 inanes
1081 946 1126 974 (²).

227 1042 352 1076 Verum
375 1040 434 1074 sub
457 1040 520 1074 hoc
538 1039 698 1084 figmento
723 1039 801 1073 latet
823 1039 900 1073 alter
922 1050 1046 1080 sensuS,
1061 1051 1159 1084 quem
1176 1048 1287 1073 auctor
1305 1039 1352 1072 in-
1380 1043 1593 1092 uffzffirffssffgtg

162 1099 274 1140 tendit,
286 1111 351 1144 quo
366 1099 439 1132 licet
452 1099 568 1142 ipsum,
580 1098 661 1131 sicut
673 1106 784 1142 poetas
795 1097 945 1142 reliquos,
959 1097 999 1131 de
1014 1097 1170 1131 similibus
1189 1108 1350 1130 excusare.
1380 1097 1424 1118 ⁶⁸¹·
1447 1104 1484 1124 μ’
1506 1098 1541 1125 ⁴³⁰¹
1561 1103 1591 1117 ¹¹¹²

1379 1130 1441 1144 senae
1457 1125 1546 1151 ripono,
1555 1130 1593 1144 co-

164 1165 196 1190 et
218 1166 253 1190 ut
276 1156 315 1190 ad
335 1156 398 1190 hoc
425 1156 607 1189 brevissime
630 1156 770 1196 veniam,
793 1154 921 1188 Flavius
944 1154 1128 1188 Planciades
1153 1154 1352 1198 Fulgentius,
1380 1150 1591 1200 ᾖξαῗιέθωοψ

164 1214 304 1248 scribens
327 1214 366 1248 ad
386 1214 506 1248 Catum
530 1212 578 1247 de
609 1213 849 1247 intellectu
879 1212 1081 1257 Virgilii,
1101 1212 1170 1246 vult
1192 1213 1299 1256 ipsum
1319 1213 1352 1245 in

163 1281 309 1318 quarto
338 1272 516 1306 ferventem
528 1270 702 1305 describere
715 1270 967 1311 iuventutemo),
983 1282 1057 1304 cum
1069 1269 1152 1314 apud
1166 1271 1353 1314 Drepanum

162 1330 288 1375 sepulto
311 1339 413 1374 patre,
435 1330 524 1374 quasi
544 1328 687 1370 tandem,
707 1337 742 1362 ut
764 1329 870 1373 inquit
893 1328 1036 1369 Flaccus,

765 1414 878 1441 custode
896 1420 1011 1447 remoto,

341 1463 450 1491 Gaudet
468 1463 544 1500 equis
563 1463 727 1499 canibusque
745 1469 773 1490 et
791 1463 872 1499 aprici
887 1463 1009 1498 gramine
1025 1462 1115 1498 campi
1126 1462 1169 1492 (4).

165 1566 319 1592 venatum
346 1556 477 1602 quidem
499 1556 587 1590 vadit
613 1565 645 1590 et
672 1557 704 1590 in
739 1555 944 1590 concubitum
974 1555 1088 1590 labitur
1114 1555 1289 1600 reginalem
1318 1566 1356 1589 ae

167 1624 320 1649 monente
351 1615 520 1655 Mercurio,
545 1614 626 1648 idest
655 1614 774 1659 ingenii
799 1613 951 1654 bonitate,
987 1613 1151 1647 libidinem
1182 1612 1298 1646 deserit
1324 1622 1356 1647 et

167 1673 207 1707 ad
230 1673 413 1707 honestiora
434 1683 468 1706 se
492 1681 655 1717 comparat
677 1672 711 1705 in
733 1671 887 1706 futurum.
933 1682 1010 1704 nam
1033 1681 1064 1704 et
1092 1672 1226 1711 Eneam,
1251 1671 1355 1704 anime
1411 1679 1467 1700 Eua
1476 1678 1596 1699 &fanian-

1383 1706 1431 1726 bole
1469 1712 1480 1726 ι
1504 1705 1596 1726 Vnim-

167 1731 304 1777 figuram
327 1731 469 1765 obtinere
493 1731 619 1771 volunt,
638 1741 700 1775 que
720 1741 835 1774 corpus
854 1729 1033 1763 humanum
1055 1728 1226 1763 inhabitat:
1250 1740 1268 1762 e
1281 1740 1357 1762 nos
1382 1739 1428 1787 ἓξ
1445 1734 1490 1753 '²⁸⁸
1503 1732 1537 1753 ¹²⁶¹
1551 1739 1596 1753 ‘⁰‘-

221 1856 270 1880 3·⁴-
285 1850 317 1872 Di
328 1849 451 1872 referente·
463 1855 479 1871 a
492 1849 596 1878 eagione
609 1849 688 1871 d'una
701 1848 808 1872 maechia
823 1854 868 1870 non
888 1849 913 1870 εἰ
932 1849 1023 1877 les-gon
1040 1846 1084 1876 pin'a
1103 1847 1125 1869 le
1143 1847 1226 1869 tenere
1232 1846 1309 1875 finali
1320 1846 1360 1869 nel

167 1889 218 1913 cod.
232 1889 289 1912 dove
299 1895 360 1919 pure
374 1895 458 1912 manca
471 1889 508 1911 1·-
521 1889 550 1912 di
562 1892 601 1911 aut
669 1895 720 1918 4-5.
736 1889 768 1911 nt
779 1888 880 1911 moribus
894 1891 946 1910 sunt
960 1894 1006 1910 non
1019 1887 1043 1910 u*
1055 1888 1160 1917 leggono
1170 1887 1209 1910 nel
1220 1887 1270 1910 cod.
1280 1887 1322 1908 che
1337 1887 1359 1908 le

168 1931 214 1953 due
227 1930 309 1953 tmere
324 1930 417 1959 Initlali
428 1936 442 1952 e
456 1931 477 1952 Ie
491 1930 536 1952 due
552 1930 639 1952 nume.

206 2045 248 2079 (1)
268 2043 312 2072 Cf.
333 2043 371 2076 Q.
397 2043 489 2071 Curr.
514 2042 583 2070 Rus.
610 2043 649 2070 De
670 2043 742 2078 gestis
787 2041 941 2078 Fulgenzio,
951 2040 1130 2077 grammatico
1140 2039 1259 2067 africano
1273 2038 1362 2066 fiorito

170 2085 245 2113 Alex.
268 2086 365 2121 Magni,
385 2085 432 2119 VI,
451 2092 479 2118 v,
499 2093 543 2119 25:
567 2085 643 2112 lus-r.
667 2085 743 2120 Trogi
788 2091 827 2112 tra
846 2084 866 2111 il
883 2084 936 2117 480
955 2083 986 2111 ed
1005 2084 1024 2110 il
1050 2091 1109 2118 550,
1132 2082 1166 2109 cf.
1182 2081 1283 2115 Euan-r,
1298 2081 1363 2108 Hisi.

171 2127 256 2163 Pomp.
276 2127 306 2154 H
310 2128 366 2155 ist.
380 2127 466 2163 phil.
484 2131 522 2163 ep.
540 2126 574 2160 11,
592 2133 632 2159 ιν,
653 2134 693 2162 33.
787 2128 870 2162 gener.
882 2126 910 2153 de
929 2126 953 2153 la
970 2126 1042 2153 liner.
1055 2125 1088 2151 du
1100 2133 1165 2159 moy.
1178 2124 1221 2159 ago
1233 2133 1263 2150 en
1278 2122 1365 2150 Occid.

206 2170 247 2204 (2)
265 2168 354 2197 Vno.
374 2170 438 2197 Aen.
457 2169 502 2203 IV,
521 2176 581 2205 449.
789 2169 810 2201 Ι,
825 2176 874 2203 507
887 2176 956 2203 sgg.;
970 2167 1112 2199 Tzurrur,
1121 2175 1164 2202 op.
1176 2165 1220 2193 cit.
1231 2165 1264 2197 11,
1278 2165 1293 2200 5
1305 2164 1366 2198 480.

206 2210 248 2247 (3)
267 2210 310 2239 ef.
330 2210 409 2238 Fun
427 2211 600 2238 Puucums
615 2210 744 2238 Putem·
790 2209 842 2236 Del
862 2217 928 2245 gran
948 2213 1030 2235 conto
1054 2207 1080 2234 in
1100 2207 1144 2234 cui
1165 2206 1192 2233 lo
1215 2212 1329 2233 tenuero
1347 2204 1367 2232 il

172 2260 212 2280 'm
235 2253 375 2288 Virgilium
394 2254 544 2280 continentia
557 2253 585 2280 in
601 2253 746 2288 Mythogra-
793 2251 945 2278 Boccaccio
959 2259 974 2277 e
989 2250 1015 2277 la
1027 2258 1075 2276 sua
1089 2248 1183 2276 scuola
1198 2248 1234 2275 ha
1247 2247 1367 2274 discorso

170 2295 243 2332 phar.
262 2295 315 2328 lat„
331 2295 537 2328 Amstelodami,
556 2302 746 2328 crorcotxxxx,
793 2294 958 2329 largamente
978 2293 1009 2320 Α.
1031 2292 1150 2325 Hortus,
1168 2290 1239 2318 Studi
1255 2290 1315 2317 sulla
1329 2293 1368 2325 op.

174 2337 209 2369 11,
231 2338 278 2370 148
303 2345 360 2372 sgg.
403 2337 515 2364 Intorno
537 2345 552 2364 a
577 2337 660 2364 Fabio
681 2337 747 2371 (non
795 2336 838 2363 lat.
857 2335 894 2362 del
913 2335 983 2362 Bocc.
1003 2343 1028 2370 p.
1044 2333 1094 2367 461
1116 2341 1174 2368 sgg.

175 2379 282 2412 Flavio,
295 2387 372 2406 come
390 2379 408 2406 il
429 2379 456 2406 S.
475 2379 503 2406 lo
521 2379 594 2414 dice)
609 2378 750 2406 Planciade
831 2379 873 2412 (4)
893 2377 1006 2405 ΗοιΑτ.
1024 2377 1072 2412 Ep.
1092 2375 1126 2408 11,
1145 2383 1182 2408 ιιι,
1205 2373 1335 2402 161-162.
