1682 2762
83 388 110 408 ne
116 387 150 408 ch'
156 388 176 407 ei
184 387 298 408 medesimo

85 420 157 435 contro
167 415 187 435 di
197 414 243 434 loro
254 415 298 435 cosi

85 442 211 469 {argumente
221 448 232 462 e
244 448 298 461 mor·

85 469 204 489 dns-‚emente
225 469 298 489 inveise

85 502 118 520 σος
133 496 208 517 ἀιιεὴὲ
223 502 234 515 ι
248 500 298 515 met-

85 528 142 543 xerne
153 530 165 543 n
175 523 230 543 nudo
245 527 299 542 uma

84 549 105 570 ln
115 550 223 577 maligni&
233 549 299 569 fueb-

85 576 121 597 ber
130 578 209 604 d'uopo
221 576 253 596 de'
262 583 299 596 vo-

85 603 148 629 lumi;
159 605 185 624 ne
199 603 299 623 Cicerone

85 637 125 652 con
135 636 190 651 tutta
197 631 217 651 13
224 637 262 650 sua
269 630 295 650 fn·

85 659 167 682 condia,

85 696 111 714 ne
128 695 200 719 Fabio,

85 749 112 768 ιιὲ
149 747 239 772 Catone,
273 748 299 767 ne

84 774 300 802 chiunquenltroebbe

85 803 126 822 mni
148 802 208 829 grido
227 802 300 822 d'orn-

86 835 133 849 tore

86 963 207 984 menerebbe
231 970 243 983 ι
265 963 299 983 be·

86 997 111 1011 ne
134 990 210 1011 siffnnn
237 991 299 1010 intra-

85 1024 155 1045 presn;
171 1017 243 1045 poiche
259 1017 300 1037 nlla

85 1045 196 1072 grnndezzn
201 1044 221 1064 di
228 1049 299 1071 questa

85 1072 136 1099 ogni
147 1071 260 1119 eblgquefnza
274 1071 299 1091 d-

85 1105 299 1146 ”Q‘L‘me‘ssffiss'ssj

85 1159 111 1173 ne
121 1153 140 1173 le
150 1153 197 1177 mi,
209 1159 269 1173 come
279 1152 299 1174 ln

85 1185 158 1200 tennce
169 1181 272 1207 pnicum,

327 258 394 291 504
754 253 1102 281 EP1sT0LAR1o

326 402 455 435 tamque
475 389 669 423 mordaciter
689 389 854 431 invehere,
873 389 1030 434 quoniam
1050 398 1084 422 tu
1104 390 1172 434 ipse
1189 390 1361 434 cognoscis
1377 401 1443 423 non
1464 401 1534 424 esse

327 459 445 482 munus
469 448 532 481 hoc
556 447 725 492 epistolare
749 448 935 492 negocium,
959 447 1016 481 sed
1045 447 1222 481 multorum
1250 449 1533 492 maximorumque

327 507 532 540 voluminum
568 506 842 550 occupationem?
899 518 966 540 non
990 507 1016 540 si
1050 506 1221 540 reviviscat
1251 516 1361 540 noster
1397 507 1533 551 Arpinas

327 566 479 610 spaciosis
495 565 677 610 eloquentie
690 576 746 598 sue
759 564 958 606 fluminibus,
971 564 1044 598 licet
1059 565 1218 599 ardentius
1229 576 1326 609 quam
1339 565 1373 599 in
1386 566 1532 607 Verrem,

327 624 455 658 uberius
481 635 580 668 quam
609 624 642 657 in
671 624 854 658 Antonium
890 633 943 657 aut
977 623 1154 657 animosius
1185 634 1283 668 quam
1308 623 1342 657 in
1379 623 1533 658 Clodium

327 691 430 723 tonet,
453 693 620 726 sequemet
643 682 786 727 undique
809 691 949 726 superet,
974 694 1041 716 non
1068 681 1184 715 Fabius
1208 682 1316 716 omnis
1339 682 1460 727 ingenii
1484 682 1532 716 sui

328 741 488 780 acumine,
514 752 581 774 non
607 741 690 775 Cato
722 740 855 785 rigiduS,
879 751 947 774 non
972 741 1157 785 quicunque
1190 740 1353 784 copiosius
1376 750 1408 774 et
1438 740 1534 774 vehe-

329 799 469 833 mentius
494 799 527 832 in
552 799 736 844 eloquentia
756 799 883 840 exarsit,
906 799 960 832 illa
981 807 1126 832 monstra
1145 799 1306 832 teterrima
1325 798 1377 832 vel
1396 798 1534 844 explicet

329 858 382 890 vel
404 857 576 901 suggillet3
612 867 666 891 aut
697 858 724 891 si
755 867 870 891 cuncta
893 857 1060 890 rethorum
1084 856 1257 891 multitudo
1282 857 1332 890 vel
1367 866 1533 892 oratorum

327 924 536 959 quotcunque
554 915 694 949 claruere
711 915 861 949 cohortes
885 915 1163 960 simulapplicatis
1183 914 1294 949 studiis
1313 914 1346 949 id
1363 925 1532 956 conentur,

328 973 425 1018 digne
442 974 517 1007 satis
530 985 588 1018 pro
601 974 646 1007 rei
662 973 887 1018 magnitudine
903 973 1032 1007 valeant
1045 973 1205 1018 expedire.
1246 974 1449 1008 verissimum
1461 974 1533 1019 qui-

328 1031 403 1065 dem
424 1041 473 1066 est
488 1033 653 1066 Danteum
662 1032 754 1066 illud:
767 1033 955 1066 multotiens
967 1044 1074 1066 rerum
1086 1032 1209 1066 molem
1221 1031 1370 1066 facundia
1379 1032 1531 1067 deseri(²).

327 1091 397 1135 quis
410 1091 498 1124 enim
509 1090 636 1125 abunde
646 1090 771 1131 referat,
781 1091 852 1135 quis
862 1090 1008 1135 designet
1019 1100 1101 1124 artes
1111 1100 1143 1125 et
1155 1091 1336 1136 ingenium,
1344 1090 1459 1136 quibus
1471 1091 1532 1126 hec

326 1158 459 1183 tartarea
482 1149 580 1194 pestis
604 1149 750 1194 obrepit?
795 1158 916 1194 quanta
938 1150 1090 1194 patientia
1111 1161 1274 1194 quamque
1294 1149 1534 1185 dissimulanter

379 1267 399 1290 9.
415 1261 481 1290 Dopo
495 1265 578 1284 cuncta
594 1260 627 1284 N¹
643 1260 674 1283 da*
688 1262 736 1284 due
750 1262 832 1284 lettere
847 1262 977 1284 cancellare
995 1262 1026 1284 ed
1043 1261 1215 1291 indecg'frabn'li.

1291 1268 1326 1285 ιο.
1341 1262 1379 1285 ue
1393 1261 1533 1293 quicumque

328 1307 362 1324 η.
378 1300 407 1324 [3
417 1301 451 1325 N¹
471 1302 532 1331 dopo
541 1306 575 1324 ent
589 1301 669 1325 άὰηηο
679 1302 770 1325 dantem
778 1303 822 1324 che
831 1302 870 1324 Me
878 1303 954 1325 οηιίεε
962 1302 994 1324 ed
1002 1302 1026 1324 io
1037 1303 1067 1325 Ιιο
1077 1305 1170 1325 mutato
1180 1303 1205 1325 in
1216 1303 1329 1326 Dnnteum

325 1428 421 1459 questo
439 1423 522 1457 libro)
545 1429 710 1459 appartenga
735 1422 908 1450 all’autunno

326 1464 368 1491 del
382 1472 457 1498 140¹-
497 1464 555 1492 Ora
565 1472 594 1491 se
604 1466 696 1497 cosle,
708 1464 794 1491 riesce
805 1472 820 1490 3
831 1472 907 1499 parer

325 1513 420 1534 nostro
434 1507 613 1542 improbabile
625 1507 677 1534 che
690 1507 715 1534 le
729 1507 781 1534 due
794 1507 908 1542 epistole

325 1550 437 1577 relative
457 1550 483 1577 al
502 1550 627 1585 disgusto
647 1551 751 1577 insorto
767 1556 808 1577 tra
827 1551 835 1577 i
855 1550 908 1577 due

326 1594 407 1620 amici
417 1593 450 1620 ed
460 1593 513 1620 alla
523 1593 743 1620 riconciliazione
753 1593 802 1620 che
813 1601 908 1628 oppor—

325 1643 390 1664 tuna
412 1638 508 1672 giunse
530 1645 545 1663 a
567 1636 712 1671 troncarlo,
736 1637 814 1663 siano
839 1642 907 1663 state

326 1680 416 1706 scritte
429 1679 475 1706 nel
493 1686 568 1712 1402.
607 1679 800 1714 loimmagino
813 1678 907 1715 quindi

327 1721 378 1748 che
402 1721 428 1748 le
452 1730 516 1748 cose
538 1721 614 1748 siano
638 1722 736 1748 audate
760 1721 787 1748 in
810 1727 906 1757 questo

326 1764 417 1791 modo.
455 1764 467 1790 I
478 1764 552 1800 gravi
563 1763 645 1790 danni
654 1763 769 1790 arrecati
780 1763 832 1790 alla
843 1764 907 1790 citta

326 1806 397 1833 dalla
416 1806 561 1843 pestilenza
581 1815 595 1833 e
614 1806 640 1833 le
659 1806 723 1834 sorti
745 1815 908 1842 preoccupa-

325 1850 399 1876 zioni
409 1850 434 1876 di
446 1850 488 1876 cui
500 1858 546 1876 era
560 1849 654 1876 madre
664 1849 690 1876 13
700 1858 797 1885 guerra
806 1850 907 1876 riacce-

326 1893 380 1919 sasi
400 1891 444 1919 col
459 1891 586 1918 Visconti
605 1892 747 1918 dovettero
766 1891 811 1918 nel
832 1899 907 1925 1400,

326 1935 436 1971 quando
465 1934 490 1961 la
517 1934 645 1961 condotta
670 1933 713 1961 del
737 1933 907 1969 Malpaghini

326 1984 401 2005 stava
416 1986 462 2013 per
477 1977 588 2012 spirare,
601 1976 762 2012 consigliare
774 1976 783 2003 i
798 1976 907 2003 Fioren-

325 2020 374 2047 tini
383 2028 397 2046 a
408 2019 581 2055 sospendere,
591 2020 617 2046 in
629 2025 714 2046 attesa
727 2018 754 2046 di
764 2019 847 2054 tempi
857 2019 907 2046 mi-

326 2062 412 2098 gliori,
420 2062 446 2089 la
456 2061 598 2089 conferma
607 2070 656 2088 sua
664 2070 680 2088 a
687 2060 826 2097 professor
833 2061 906 2088 dello

326 2105 430 2132 Studio.
461 2105 496 2131 Di
507 2104 578 2132 cotal
589 2104 788 2131 deliberazione
799 2104 907 2131 dovette

325 2147 469 2184 affliggersi
486 2147 519 2174 ed
535 2147 672 2174 adontarsi
691 2147 710 2174 il
726 2146 906 2182 Malpaghini‚

326 2190 344 2217 il
360 2190 441 2226 quale
456 2198 489 2217 ne
499 2190 542 2216 die
552 2189 625 2216 forse
644 2190 734 2225 colpa,
751 2190 854 2216 aizzato
872 2189 906 2216 da

326 2233 454 2260 malevoli
470 2233 591 2267 ciarloni,
605 2232 657 2259 3113
670 2232 810 2259 freddezza
818 2232 907 2260 dimo·

325 2276 445 2312 stratagli
457 2276 502 2303 dal
513 2276 557 2310 S.;
570 2283 667 2303 contro
681 2276 708 2303 di
721 2276 765 2302 cui
779 2275 906 2312 appaleso

326 2320 419 2355 quindi
433 2319 451 2346 il
469 2328 519 2346 suo
537 2319 652 2355 sdegno,
666 2319 797 2346 cessando
810 2319 855 2346 dal
866 2319 906 2346 vi-

325 2362 420 2389 sitarlo
434 2371 448 2389 e
465 2362 509 2388 dal
524 2361 588 2389 farsi
607 2362 704 2389 vedere
720 2362 747 2388 in
767 2361 904 2398 pubblico.

327 2405 394 2432 Cosl
406 2413 555 2440 passarono
566 2405 652 2432 taluni
662 2405 740 2437 mesi,
748 2404 838 2431 finche
849 2404 867 2431 il
878 2404 906 2431 S.

327 2456 380 2475 non
392 2448 415 2475 si
425 2448 514 2475 decise
524 2457 539 2475 a
549 2448 682 2475 richieder
691 2448 859 2484 spiegazioni
869 2447 907 2474 al-

954 1422 971 1449 l'
980 1423 1072 1450 amico
1085 1431 1138 1450 con
1154 1423 1199 1450 un'
1205 1423 1319 1459 epistola
1328 1426 1387 1459 (ora
1397 1424 1533 1460 perdum),

954 1474 970 1491 a
989 1467 1033 1492 cui
1052 1465 1071 1492 il
1087 1466 1265 1502 Malpaghiffi,
1285 1466 1388 1502 pentito
1407 1475 1423 1494 e
1441 1475 1534 1494 ηπε-

953 1506 1026 1539 duto,
1043 1507 1066 1533 si
1081 1506 1188 1534 affretto
1204 1516 1220 1534 a
1231 1507 1295 1534 dare
1305 1508 1428 1544 risposta.
1465 1507 1534 1536 Rin-

953 1549 1045 1576 novati
1058 1551 1115 1577 cosl
1134 1556 1174 1577 tra
1193 1549 1252 1577 loro
1272 1551 1279 1577 i
1299 1550 1401 1578 vincoli
1419 1551 1534 1578 dell’an-

953 1593 1007 1619 tica
1017 1592 1150 1626 amicizia,
1161 1592 1307 1626 Giovanni,
1317 1593 1443 1620 vedendo
1453 1602 1534 1621 come

953 1635 978 1662 le
998 1643 1061 1662 cose
1084 1643 1141 1661 nou
1166 1635 1440 1663 s'incamminassero
1463 1636 1533 1664 bene

954 1686 1001 1713 per
1016 1678 1060 1704 cib
1075 1678 1126 1704 che
1141 1677 1300 1713 riguardava
1320 1677 1349 1704 lo
1369 1678 1474 1714 Studio,
1487 1678 1535 1706 do-

953 1727 1024 1748 vette
1044 1720 1216 1748 manifestare
1235 1720 1261 1748 al
1277 1721 1424 1748 cancellier
1437 1716 1534 1750 fioren-

952 1765 1012 1791 tino
1021 1764 1041 1791 il
1055 1763 1186 1790 desiderio
1199 1763 1225 1791 di
1238 1763 1351 1791 lasciare
1361 1764 1472 1792 Fircnze
1486 1773 1535 1801 per

953 1807 1083 1833 ritrovare
1101 1805 1206 1833 altrove
1225 1806 1271 1841 piu
1291 1807 1382 1841 aginta
1395 1806 1502 1834 dimota
1517 1815 1533 1834 e

954 1849 1098 1882 Coluccio‚
1116 1849 1244 1876 bmmoso
1264 1849 1424 1882 d’aiunrlm
1439 1849 1535 1879 imma-

953 1892 1019 1927 ginb
1042 1891 1068 1918 di
1093 1891 1211 1918 scrivere
1233 1890 1260 1918 al
1287 1891 1431 1919 Malatesta
1451 1891 1535 1929 1·φὶ-

953 1933 1030 1966 stola,
1047 1933 1097 1960 che
1113 1933 1268 1969 leggeretno
1279 1938 1322 1960 tra
1337 1942 1418 1969 poco.

989 1975 1033 2012 (1)
1053 1975 1095 2003 Cf.
1117 1976 1206 2003 Ovm.
1224 1977 1326 2004 Metam.
1345 1976 1380 2009 V,
1399 1975 1533 2013 294-678·

954 2013 975 2045 E
1000 2019 1119 2054 risaputo
1138 2026 1218 2045 come
1243 2019 1325 2045 niuna
1344 2019 1468 2046 scrinurn
1488 2019 1533 2047 del

952 2061 1123 2097 Malpaghini
1138 2061 1163 2088 ci
1177 2061 1216 2088 sia
1229 2068 1376 2097 pervenuta
1387 2071 1394 2094 ;
1407 2062 1441 2088 ad
1453 2070 1532 2089 ecce-

952 2103 1029 2130 2ioue
1051 2103 1122 2130 della
1139 2109 1234 2139 troppo
1253 2103 1332 2130 breve
1351 2103 1468 2139 epistola
1485 2103 1533 2131 de-

952 2146 1098 2182 ploratoria
1118 2155 1165 2182 per
1183 2146 1209 2173 la
1229 2152 1316 2173 morte
1335 2145 1379 2173 del
1398 2146 1533 2179 Petraea,

953 2189 1003 2216 che
1023 2196 1063 2216 sta
1079 2189 1123 2216 nel
1143 2189 1204 2216 cod.
1223 2189 1350 2216 Ambros.
1369 2189 1394 2216 D
1414 2197 1446 2225 93
1464 2197 1532 2225 sup„

951 2241 973 2259 c.
991 2232 1081 2267 138&
1099 2231 1125 2259 la
1141 2231 1222 2268 quale
1237 2231 1318 2268 valga
1333 2240 1349 2258 a
1364 2232 1529 2268 giustificare

952 2275 991 2310 gli
1004 2274 1076 2310 elogi
1092 2275 1212 2301 tributati
1227 2274 1271 2301 dal
1286 2274 1312 2301 S.
1329 2274 1374 2301 311’
1381 2274 1531 2311 eloquenza

953 2317 985 2345 ed
1005 2317 1059 2344 alla
1077 2317 1195 2344 dottrina
1213 2317 1258 2344 del
1278 2317 1443 2344 Ravennae.

987 2361 1030 2395 (2)
1050 2360 1086 2387 Se
1105 2367 1263 2387 veramente
1282 2360 1309 2386 di
1329 2360 1419 2387 Dante
1437 2360 1484 2396 qui
1502 2360 1526 2387 si

953 2409 1042 2436 natta,
1055 2402 1073 2429 il
1089 2402 1116 2429 S.
1130 2404 1184 2437 pub
1201 2410 1264 2428 aver
1280 2401 1367 2428 alluso
1382 2411 1398 2428 a
1414 2402 1463 2436 Ins.
1479 2401 1527 2434 lv,

957 2447 1050 2481 14⁶·47
1059 2453 1162 2481 oppure
1169 2453 1185 2472 a
1192 2444 1286 2472 Parad.
1293 2444 1420 2478 XXXIII,
1428 2452 1458 2472 η
1465 2451 1530 2479 ¹·23·

1565 926 1604 951 10
