1682 2762
134 403 237 425 Premme
270 404 320 431 pero

107 430 152 455 che,
164 431 288 451 erun-udos(
299 431 319 450 di

107 458 216 484 questione
266 458 319 477 asni

108 488 249 508 controversa,
275 490 319 504 non

152 511 227 531 endem
236 516 318 530 reenme

107 543 135 557 un
149 538 239 564 giudizio
248 537 318 557 defiui-

106 564 159 589 tivo,

107 862 197 877 memore
207 855 244 876 che
254 862 277 876 se
286 862 317 876 n-

106 884 136 903 sni
175 883 316 903 dives-sificatio

106 915 138 930 tn
143 910 188 930 loro
193 910 215 930 in
223 909 317 937 gener-le

106 936 126 957 le
133 943 207 957 umme
215 937 315 963 opinioni,

104 1144 239 1164 diversissime
275 1150 314 1164 ton

103 1171 171 1198 quelle
197 1170 230 1191 de'
252 1171 313 1195 doni,

103 1204 146 1217 non
173 1204 234 1218 meno
260 1197 314 1217 nelle

104 1225 242 1245 controversie
257 1224 314 1244 d'or-

105 1251 152 1271 dine
162 1250 315 1271 moraleefilo-

103 1277 178 1302 suffice,

104 1435 142 1456 che
156 1435 210 1456 neue
226 1435 315 1463 teolegi-

104 1462 151 1484 che.

144 1502 190 1549 Edgli
231 1504 315 1530 espen-A

105 1530 154 1556 quin
169 1530 175 1549 i
211 1529 315 1556 semplice-

104 1561 172 1575 mente
187 1555 201 1576 il
213 1562 251 1576 suo
261 1557 315 1577 nvvi-

105 1587 315 1636 {tatffs‘szffffi

105 1637 157 1656 senti
171 1642 211 1656 un·
225 1636 315 1657 soluzio-

105 1669 130 1682 ne
147 1662 240 1689 migliore

131 1689 195 1709 Ponto
203 1690 243 1713 cio,
250 1690 315 1710 dii-no-

105 1720 147 1735 str·
169 1716 229 1743 quale
248 1716 278 1736 sin
300 1716 315 1736 il

107 1746 161 1762 testo
175 1743 201 1763 d·
209 1742 315 1770 preterire,

350 277 416 311 244
769 273 1112 302 Ems‘rormuo

436 397 474 430 In
501 407 563 440 qua
587 395 716 439 quidem
740 395 871 429 materia
894 395 1082 440 prefandum
1105 407 1232 437 censeo,
1260 407 1334 430 cum
1358 396 1420 430 hoc
1443 396 1537 432 fuerit

348 454 442 487 etiam
463 464 481 486 a
504 453 743 486 studiosissimis
768 452 948 487 dubitatum
966 462 998 487 et
1020 453 1214 498 quotidianis
1232 455 1535 500 interrogationibus

346 519 518 553 expetatur,
541 521 595 543 me
620 509 676 542 tibi
699 510 733 543 in
751 518 839 543 tanta
860 510 1027 544 scientium
1051 521 1087 543 ac
1112 510 1323 545 dubitantium
1348 512 1438 556 copia
1461 511 1536 556 quid

344 568 445 601 teneri
469 566 581 600 debeat
609 578 675 600 non
700 566 941 611 explicaturum.
988 567 1093 601 dicam
1114 576 1223 602 tamen
1250 568 1342 612 plane
1365 568 1441 613 quid
1464 580 1536 602 sen-

345 625 423 658 tiam
431 637 441 666 ;
464 625 541 669 quid
565 634 672 658 autem
695 624 871 659 tenendum
895 626 934 659 sit
957 637 1023 659 non
1048 625 1182 660 audeam
1207 625 1372 668 affirmare,
1391 626 1535 671 quando-

344 682 486 727 quidem,
511 691 546 716 ut
568 682 796 717 Volaterranus
820 692 928 717 noster
951 683 1004 724 ait,

555 767 634 795 Velle
650 776 729 795 suum
748 768 845 804 cuique
863 774 914 802 est,
932 777 984 795 nec
1003 773 1070 796 voto
1087 768 1186 796 vivitur
1205 777 1260 796 uno
1274 769 1318 797 (¹).

344 867 420 889 nam
439 855 530 889 sicuti
553 856 638 889 varie
662 856 743 890 circa
762 868 916 891 sensuum
944 856 1233 902 apprehensionem
1252 857 1423 892 electiones
1450 868 1534 900 sunt,

344 922 379 947 ut
396 913 482 947 hunc
496 912 620 958 frigida,
631 913 787 948 ferventia
802 914 970 959 quosdam,
988 915 1066 948 alios
1082 925 1255 960 temperata
1269 915 1441 958 delectent;
1458 916 1535 952 huic

344 971 448 1006 dulcia
465 971 620 1016 placeant,
638 971 715 1005 alios
739 982 873 1013 austera,
892 974 998 1007 suavis
1009 1018 1012 1021 .
1023 973 1102 1007 alios
1121 973 1235 1007 acredo
1257 974 1471 1019 permulceat;
1489 976 1534 1009 sic

343 1029 502 1073 contingit
523 1029 556 1063 in
580 1029 884 1073 apprehensionibus
909 1030 1098 1071 intellectus,
1128 1039 1163 1064 ut
1185 1030 1282 1064 nichil
1304 1031 1344 1064 sit
1368 1031 1449 1065 adeo
1473 1031 1535 1065 cla-

342 1098 414 1120 rum
435 1087 549 1131 cuique
573 1087 653 1121 adeo
682 1097 795 1122 cuncta
818 1097 1009 1129 consonent,
1033 1088 1120 1134 quod
1144 1089 1292 1122 omnium
1311 1089 1464 1134 opinione
1486 1101 1535 1124 re-

343 1144 492 1188 cipiatur;
524 1144 728 1189 maximeque
753 1145 883 1179 morbus
907 1146 966 1179 iste
997 1145 1181 1180 dominatur
1204 1147 1236 1180 in
1266 1146 1419 1181 studiosis
1439 1156 1533 1192 atque

342 1202 459 1246 peritis,
482 1214 584 1246 usque
602 1202 683 1236 adeo
703 1203 802 1247 quod,
825 1204 907 1237 sicut
930 1204 1052 1248 optime
1081 1204 1178 1245 nosti,
1197 1204 1237 1238 de
1268 1205 1417 1239 maximis
1439 1205 1533 1240 rebus

343 1260 466 1295 diverse
478 1261 564 1295 scole
579 1261 768 1296 sublimibus
783 1262 964 1296 auctoribus
984 1263 1186 1306 dissentiant;
1206 1275 1266 1297 nec
1284 1264 1318 1298 in
1338 1264 1533 1302 naturalibus

342 1327 374 1351 et
398 1318 570 1352 moralibus
594 1318 713 1360 solum,
743 1319 783 1353 de
805 1319 920 1364 quibus
943 1320 1130 1354 Aristoteles
1153 1330 1186 1355 et
1209 1321 1311 1363 Plato,
1328 1322 1479 1356 Averrois
1502 1331 1534 1356 et

342 1377 509 1410 Avicenna
533 1377 749 1422 Galienusque
766 1387 839 1412 tuus
859 1387 891 1412 et
910 1378 961 1412 alii
981 1379 1038 1412 sibi
1063 1379 1311 1413 contradicendo
1331 1380 1532 1421 dissentiant;

342 1434 398 1468 sed
422 1435 518 1468 etiam
542 1435 575 1468 in
594 1435 796 1480 theologicis,
819 1447 958 1481 quorum
982 1448 1069 1471 error
1091 1437 1375 1482 periculosissimus
1390 1447 1448 1478 est,
1465 1438 1534 1483 opi-

342 1492 479 1525 nionum
503 1492 678 1533 diversitas,
702 1493 769 1527 imo
794 1493 975 1534 adversitas,
995 1495 1166 1528 invenitur.
1213 1494 1318 1529 dicam
1336 1495 1412 1539 quid
1435 1495 1534 1529 michi

342 1549 534 1593 probabilius
569 1561 637 1583 esse
661 1550 796 1592 videtur,
821 1562 1006 1585 assensurus
1029 1552 1144 1585 rectius
1174 1553 1334 1594 sentienti,
1359 1552 1479 1597 tibique
1502 1561 1535 1587 et

343 1606 410 1639 aliis
435 1605 655 1651 derelinquens
679 1606 888 1641 determinare
907 1607 983 1652 quid
1007 1609 1114 1653 potius
1134 1608 1329 1652 eligendum.

409 1664 506 1698 Nunc
528 1676 604 1698 vero
625 1675 828 1700 convertatur
848 1667 950 1700 oratio
963 1666 1003 1700 ad
1021 1666 1074 1699 illa
1088 1678 1145 1710 per
1160 1666 1307 1700 ordinem
1322 1678 1385 1711 que
1397 1668 1532 1712 suscepi.

343 1723 448 1756 verior
465 1724 561 1768 igitur
580 1733 611 1758 et
633 1725 878 1758 convenientior
896 1724 993 1758 michi
1012 1725 1114 1759 littere
1135 1725 1261 1759 videtur
1276 1737 1345 1760 esse
1366 1734 1534 1760 contextus

398 1846 417 1862 1.
438 1840 456 1862 V
467 1840 577 1868 §randum
592 1841 644 1868 (eie)
675 1840 713 1863 Μ2
727 1842 872 1870 prestandum
912 1842 978 1870 Depo
991 1847 1072 1864 censeo
1087 1842 1144 1864 tum
1156 1842 1167 1864 i
1178 1842 1255 1870 codd„
1271 1840 1308 1864 Μ’
1321 1845 1462 1870 eccemato,
1472 1848 1486 1864 e
1496 1842 1533 1865 Me

342 1880 421 1903 ddnno
430 1881 491 1909 quod
518 1880 554 1903 Μ’
565 1885 595 1904 et.
605 1882 647 1904 hoc
657 1881 715 1905 fuer.
769 1888 791 1911 3.
799 1880 830 1904 L²
847 1882 891 1904 VP
898 1886 1028 1910 expectatur
1037 1889 1050 1904 e
1059 1882 1108 1905 cosi
1117 1882 1243 1912 dapprsma
1251 1883 1327 1904 anche
1334 1882 1378 1909 Ls,
1388 1883 1446 1905 dove
1456 1883 1476 1905 ¹¹1
1483 1883 1534 1912 esu

342 1922 428 1944 abraso
438 1922 479 1944 dal
487 1922 511 1944 S.
538 1922 578 1951 ac]
593 1921 630 1944 M²
640 1927 662 1945 et
714 1930 739 1950 4.
753 1923 840 1952 tamen]
854 1921 891 1945 Μ2
907 1926 955 1945 tum
982 1922 1003 1945 P
1014 1925 1100 1945 omette
1113 1923 1179 1951 pinne
1231 1924 1252 1946 ⁶.
1273 1923 1309 1945 VR
1323 1922 1377 1952 quid
1392 1926 1416 1945 ut
1429 1924 1534 1946 corrono

343 1961 432 1984 d'altra
446 1968 525 1985 mano.
553 1961 590 1984 M²
604 1964 687 1984 omette
701 1966 727 1985 ut
758 1963 822 1986 Tum
834 1962 845 1984 ι’
856 1963 931 1990 codd„
947 1961 984 1984 Μ2
998 1964 1134 1990 ecceuuam,
1149 1963 1192 1985 che
1205 1963 1279 1992 legge
1293 1963 1444 1989 vulteranus,
1453 1962 1533 1986 dam

344 2001 493 2024 voliterninus
549 2008 570 2031 7.
585 2001 672 2031 Pcuiq.
683 2008 750 2024 suum
759 2002 816 2024 vesse
830 2006 864 2024 est
919 2003 941 2026 8.
956 2001 992 2024 Μ2
1006 2002 1067 2025 ιίειιι
1108 2002 1128 2024 V
1137 2009 1227 2025 tensum
1281 2009 1305 2031 9.
1325 2003 1344 2025 V
1354 2008 1408 2024 recu
1422 2002 1533 2031 quosdam

342 2042 464 2070 aggiunto
479 2042 503 2063 r'n
517 2048 613 2070 rasura,
629 2048 667 2064 ma
682 2043 747 2065 dalla
761 2045 838 2065 :ressa
851 2048 930 2065 mano.
970 2041 1008 2064 Μ2
1022 2042 1134 2065 delectant
1207 2049 1242 2065 ιο.
1256 2043 1277 2064 P
1289 2043 1372 2066 accedo
1450 2049 1483 2066 ιι.
1497 2042 1533 2072 in]

341 2080 362 2101 P
374 2084 396 2102 et
431 2079 468 2102 Μ2
483 2080 513 2103 nil
555 2081 667 2103 Vomette
681 2082 738 2104 adeo
794 2087 827 2105 η.
841 2080 872 2103 1)
887 2081 948 2111 quod
962 2082 1047 2110 eliesu
1060 2088 1129 2105 eraso
1142 2088 1155 2104 e
1169 2084 1259 2104 manto
1272 2082 1298 2104 ιἰι
1312 2082 1336 2110 q’
1393 2088 1427 2112 ¹3·
1438 2080 1475 2104 Μ’
1486 2088 1534 2105 mo-

341 2120 402 2143 ribus
438 2120 468 2142 L²
479 2120 502 2142 in
517 2121 576 2143 stud.
591 2121 652 2144 dom.
666 2125 733 2150 atque
789 2127 826 2149 ¹4-
836 2120 873 2143 Μ’
883 2123 966 2144 omem
975 2122 1061 2150 optime
1117 2128 1152 2151 15.
1160 2122 1262 2151 Dinangi
1269 2128 1285 2144 a
1295 2121 1383 2145 sublim.
1393 2121 1431 2144 Μ’
1438 2128 1499 2152 pone
1509 2122 1532 2145 in

344 2166 379 2188 ¹7-
386 2159 416 2182 1)
432 2161 468 2183 VR
475 2161 615 2190 Gallienusq.
642 2161 680 2184 LS
685 2160 823 2190 Gallienusq.
829 2178 838 2189 ‚
846 2167 884 2184 ma
892 2160 950 2189 visu
958 2167 1029 2184 eraso
1039 2162 1059 2183 2'1
1065 2161 1179 2184 secondo!
1206 2162 1244 2184 Me
1251 2161 1370 2184 Gellianus
1396 2161 1414 2183 L
1421 2164 1504 2184 omeue
1510 2165 1533 2184 et

340 2199 358 2221 L
368 2198 398 2221 L²
408 2199 438 2222 1)
452 2200 488 2222 VR
497 2200 560 2222 PMe
568 2200 701 2223 dissentiunt
753 2201 785 2223 18.
795 2200 832 2223 Μ2
841 2201 951 2230 theologis
999 2207 1036 2224 ao.
1047 2200 1083 2223 Μ
1092 2201 1230 2230 probabilius
1236 2207 1280 2230 per
1289 2201 1421 2230 corretion
1429 2207 1442 2224 e
1450 2201 1534 2230 quinat·

340 2239 407 2262 michi
423 2246 473 2263 esse
486 2240 533 2264 vid.
574 2239 604 2262 Ι.2
619 2245 675 2264 rect.
690 2244 748 2264 sent.
762 2248 807 2264 ass.
862 2247 899 2271 ²3·
914 2241 994 2271 igitur]
1009 2242 1046 2264 Me
1060 2242 1136 2270 itaque

339 2351 357 2378 l’
367 2359 408 2387 ep.
428 2359 438 2378 1
457 2360 472 2378 a
491 2351 597 2379 Lucilio
616 2353 638 2379 si
661 2352 740 2388 legge
758 2361 774 2379 a
793 2361 817 2380 c.
837 2360 869 2389 59
878 2360 910 2386 Α;
956 2361 971 2380 a
991 2363 1006 2379 nt
1020 2354 1140 2382 maxima
1155 2364 1169 2380 a
1191 2363 1206 2380 α
1220 2354 1296 2382 aliter
1314 2362 1413 2390 magna
1427 2364 1442 2380 in
1462 2354 1494 2382 ed
1513 2361 1529 2382 ι

338 2393 371 2420 ed
391 2393 409 2420 il
427 2399 498 2421 testo
515 2402 551 2421 ne
569 2395 584 2421 e
603 2394 719 2422 identico
735 2403 751 2422 a
769 2395 862 2431 quello
880 2395 911 2422 ri-
956 2403 972 2420 «
985 2403 1084 2432 magna
1096 2405 1110 2422 »
1132 2406 1147 2422 et
1159 2395 1236 2423 aliter
1250 2396 1371 2423 maxima
1383 2405 1407 2423 a.

337 2434 415 2462 ferito
433 2436 478 2472 qui
496 2436 541 2464 dal
554 2437 591 2469 S.,
604 2437 655 2464 che
667 2439 733 2473 pero
746 2446 910 2474 sovrappose
990 2436 1034 2473 (ι)
1052 2437 1133 2466 Pizus.
1150 2437 1202 2466 Sat.
1221 2438 1256 2471 V,
1275 2445 1317 2474 53.

1566 985 1606 1008 10

1565 1272 1602 1306 ¹5

1562 1564 1605 1588 20
