1708 2774
346 292 364 325 8
764 289 1098 320 EPISTOLARIO

124 432 317 459 Omfflvdeqm-
342 422 487 468 pulcrum
495 429 526 455 et
535 418 718 454 honorabile
726 425 827 450 sonat.
861 426 936 449 nam
945 415 978 449 in
988 414 1094 459 primo
1106 424 1202 446 sensu
1217 421 1328 446 noster
1343 411 1528 452 Terentius,

109 459 225 481 rebellem
233 459 317 479 edone-
548 478 554 484 ,
996 473 1002 479 .
1030 472 1036 479 .
1103 472 1109 478 .

108 493 141 511 ¹05
344 492 417 514 cum
439 487 572 513 amantls
602 486 710 510 servus
734 475 892 508 Parmeno
916 472 1039 506 dom1n1
1063 483 1111 505 sui
1135 469 1264 504 fratrem
1287 481 1345 514 pro
1376 469 1528 504 eunucho

344 537 477 572 traderet
500 535 615 569 Thaidi
639 543 731 578 atque
755 532 900 566 dixisset:

970 593 1004 611 en
1025 583 1183 611 eunuchum
1201 582 1248 609 tibi

566 637 658 669 Quam
676 635 778 663 liberali
793 634 875 662 faciel
892 642 975 670 quam
994 639 1065 660 etate
1083 631 1200 668 integral

341 710 393 744 illa
415 708 591 754 respondit:

564 780 604 806 Ita
623 787 667 806 me
685 778 711 805 di
731 783 835 805 ament:
856 777 985 804 honestus
1001 781 1040 802 est
1052 775 1095 802 (¹).

341 873 415 895 nam
438 870 470 895 et
493 861 524 894 in
551 860 758 894 contentione
788 857 987 903 precedente,
1011 855 1206 904 unde-totus
1232 854 1285 889 ille
1308 866 1417 889 sermo
1441 863 1530 890 ortus

340 929 397 960 est,
414 919 534 953 dictum
549 917 665 952 fuerat:

573 997 714 1033 Perpulcra
733 997 814 1024 credo
830 996 913 1028 dona,
933 995 1005 1022 haud
1021 995 1119 1022 nostris
1138 993 1238 1021 similia
1248 993 1294 1022 (²).

342 1084 457 1118 etenim
482 1092 514 1117 et
536 1083 569 1116 in
597 1082 761 1127 glossario,
785 1080 870 1114 unde
894 1089 1039 1124 sumptus
1062 1088 1110 1113 est
1139 1079 1264 1124 Papias,
1287 1078 1442 1123 scriptum
1465 1087 1529 1113 est:

342 1142 494 1175 honestus
510 1141 619 1175 dicitur
631 1141 685 1184 qui
699 1139 795 1173 nichil
810 1139 923 1172 habeat
938 1137 1140 1182 turpitudinis
1148 1137 1192 1171 (³).
1210 1131 1218 1136 ⁵
1233 1137 1382 1171 omnium
1398 1137 1530 1182 quidem

345 1211 500 1233 consensu
516 1198 699 1243 turpitudini
715 1198 864 1231 honestas
881 1197 1063 1242 opponitur,
1075 1208 1137 1241 que
1157 1196 1256 1230 nichil
1270 1195 1356 1230 aliud
1368 1205 1417 1230 est
1431 1207 1531 1241 quam

343 1258 530 1302 pulcritud0.
576 1257 602 1290 si
625 1257 686 1290 hoc
715 1256 862 1298 intendis,
882 1267 948 1290 non
968 1255 1053 1289 dicas
1081 1267 1151 1289 earn
1176 1254 1439 1289 honestissimam
1457 1265 1530 1289 om-

343 1316 444 1356 nium,
463 1327 525 1360 que
548 1316 656 1348 vivant
678 1315 712 1348 in
735 1314 819 1348 orbe.
866 1315 933 1348 scio
957 1313 1087 1358 quidem
1104 1322 1148 1354 te,
1166 1313 1240 1347 licet
1267 1313 1453 1358 peregrinus
1475 1313 1530 1354 sis,

343 1385 408 1408 non
425 1374 528 1408 solum
545 1374 686 1414 nomine,
698 1373 754 1407 sed
770 1384 787 1406 a
803 1384 877 1406 vera
893 1372 990 1417 patria
1004 1372 1201 1417 peregrinuS,
1214 1381 1245 1406 te
1261 1372 1390 1417 quippe,
1404 1372 1531 1406 utinam

108 1273 167 1314 3:52²
175 1266 261 1314 ’ἒῖῗῆῗ
270 1273 318 1314 ’Ἰῖὲ

108 1321 176 1341 donn-
196 1321 226 1341 ιίι
249 1320 268 1340 ln
282 1321 316 1347 ρίὺ

107 1347 160 1367 bella
167 1347 186 1367 di
194 1352 267 1374 quante
277 1347 316 1367 mni

109 1373 184 1394 sumno
193 1374 203 1394 P

396 1486 430 1502 ιο.
445 1480 500 1503 Cod.
517 1483 555 1501 aut

341 1520 359 1543 it
372 1522 438 1548 testo,
452 1520 493 1542 che
507 1520 575 1542 stimo
586 1519 645 1549 perc)
658 1522 753 1549 guasto.

375 1611 415 1646 (1)
436 1610 561 1638 TERENT.
573 1611 636 1637 Eun.
649 1610 696 1643 111,
711 1618 740 1643 11,
756 1618 848 1646 ¹9·203
862 1618 906 1637 ma

340 1653 358 1680 il
372 1659 440 1680 testo
458 1653 501 1680 nel
519 1653 606 1688 primo
624 1661 702 1680 verso
717 1653 751 1679 da
765 1663 778 1678 α
789 1653 852 1679 hem
863 1663 887 1680 ».

374 1697 416 1732 (2)
436 1696 562 1724 TERENT.
581 1697 645 1724 Eun.
665 1697 712 1729 III,
731 1705 761 1729 11,
784 1704 823 1731 15.

374 1739 417 1773 (3)
436 1738 478 1766 Cf.
498 1739 607 1771 Papus,
626 1739 686 1766 Lex.
702 1747 722 1765 s.
737 1748 761 1765 v.
798 1738 820 1765 Il
833 1739 905 1774 glos—

340 1782 494 1815 sario,·che
521 1781 540 1808 il
565 1782 592 1808 S.
611 1782 663 1817 qui,
689 1790 766 1809 come
793 1781 904 1816 altrove,

339 1824 448 1851 afferma
463 1832 532 1851 esser
547 1830 615 1851 stato
624 1825 748 1860 precipuo
763 1824 836 1851 fonte
851 1824 905 1851 del-

340 1867 551 1894 l'Elementarium
570 1866 694 1894 doctrinae
718 1866 904 1899 erudimentum,

340 1907 486 1943 compilato
506 1909 575 1934 circa
599 1907 617 1934 il
645 1907 708 1943 1063
730 1908 762 1934 da
777 1908 870 1943 Papia,
889 1909 904 1935 e

339 1949 397 1976 fuor
415 1949 441 1976 di
460 1949 557 1976 dubbio
571 1949 632 1985 quel
644 1950 719 1977 Liber
730 1950 830 1985 grandis
841 1950 904 1986 glos—

338 2000 422 2018 sarum
440 2000 469 2018 ex
487 1991 556 2019 dictis
574 1991 728 2018 diversorum
743 1992 903 2026 coadunatus,

340 2041 429 2060 messo
443 2033 552 2060 insieme
563 2032 631 2059 sulla
640 2033 692 2060 fine
700 2033 743 2060 del
756 2033 846 2061 secolo
861 2042 904 2061 vn

339 2083 356 2101 o
369 2075 408 2101 sui
420 2075 498 2110 primi
517 2075 577 2102 dell‘
588 2083 637 2103 vn1
647 2075 680 2102 da
698 2084 735 2103 un
745 2076 821 2103 dotto
839 2077 904 2111 (che

338 2116 370 2143 da
379 2116 460 2144 taluni
476 2117 498 2144 si
509 2117 642 2144 identifica
653 2117 697 2145 col
709 2127 827 2145 vescovo
837 2125 903 2154 goto

337 2158 508 2194 Ansileubo),
526 2159 553 2186 di
572 2161 614 2186 cui
626 2160 786 2195 rimangono
807 2169 904 2188 ancora

337 2201 460 2237 parecchi
478 2203 658 2235 manoscritti;
684 2202 715 2230 cf.
736 2203 770 2230 G.
789 2203 903 2238 Losws,

337 2243 487 2271 Prodromus
505 2245 616 2280 corporis
637 2245 778 2280 glossarior.
793 2246 904 2280 Iatinon,

339 2285 495 2319 Quaestioncs
507 2285 610 2322 degloss.
630 2286 674 2314 lat.
687 2287 796 2322 fontibus
814 2292 837 2316 et
848 2297 903 2322 usu,

339 2327 451 2363 Lipsiae,
463 2327 561 2365 1876‚§
575 2337 614 2364 13,
635 2338 660 2365 p.
673 2338 724 2366 229
747 2339 805 2366 sgg.
843 2331 904 2359 Che

338 2371 419 2406 Papia
445 2371 468 2398 si
494 2371 564 2399 fosse
591 2373 699 2408 giovato
725 2373 903 2410 largamente,

339 2421 418 2439 senza
443 2413 517 2440 farne
543 2416 608 2450 pero
634 2415 752 2451 esplicita
771 2416 903 2444 dichiara-

339 2454 422 2487 zione,
437 2455 463 2482 di
487 2457 660 2492 quest'opera,
676 2466 694 2484 a
712 2458 754 2484 cui
772 2458 902 2486 attinsero

639 1479 670 1502 16.
685 1478 781 1507 utinam]
797 1479 854 1502 cod.
869 1483 910 1507 ut;
925 1479 955 1501 ho
971 1481 1061 1502 tentato
1074 1484 1222 1508 correggere
1235 1478 1395 1507 eenz'alterar
1407 1478 1436 1501 dt
1448 1481 1531 1508 nom

951 1609 996 1636 del
1014 1615 1085 1637 resto
1103 1610 1326 1646 precipuamente
1347 1609 1407 1636 tutti
1429 1610 1439 1636 i
1458 1609 1532 1638 leui-

950 1653 1052 1688 cografi
1078 1652 1229 1686 medievali,
1256 1652 1392 1680 dimostrb
1419 1653 1447 1680 in
1475 1661 1531 1680 nna

951 1695 1140 1722 dissertazione
1153 1694 1240 1722 uscita
1255 1694 1308 1722 alla
1324 1694 1386 1722 luce
1401 1695 1448 1723 nel
1463 1695 1528 1731 1853

951 1737 998 1772 (cf.
1014 1737 1130 1771 Lonwxz,
1155 1746 1198 1773 op.
1219 1738 1264 1764 cit.
1283 1746 1310 1773 p.
1328 1737 1392 1772 236)
1417 1737 1531 1766 l'Hilde—

950 1779 1050 1812 brand;
1069 1788 1122 1813 ma,
1135 1788 1215 1806 come
1228 1779 1252 1806 si
1266 1779 1343 1813 vede,
1357 1779 1377 1806 il
1397 1780 1532 1808 dotto'oe-

950 1822 1033 1849 desco
1058 1831 1103 1849 era
1125 1827 1197 1849 stato
1219 1823 1366 1858 preceduto
1389 1823 1417 1850 in
1435 1829 1531 1859 quoeta

950 1870 1076 1901 scoperta
1094 1864 1278 1892 dall'italiano
1300 1865 1405 1893 vissuto
1431 1866 1530 1902 cinque

950 1907 1035 1934 secoli
1048 1907 1168 1934 innanzi!
1205 1907 1271 1934 Non
1284 1907 1412 1934 abbiamo
1427 1907 1532 1944 diagra-

950 1951 1111 1977 ziatamente
1138 1958 1225 1977 verun
1249 1949 1350 1977 indizio
1367 1950 1419 1977 che
1434 1950 1458 1978 ci
1473 1957 1532 1986 pet*-

949 1998 1036 2020 metta
1054 1993 1082 2019 di
1094 1993 1266 2020 riconoscere
1277 1998 1320 2020 tra
1333 1993 1342 2019 i
1357 1993 1446 2020 codici
1461 1992 1531 2029 oggi

950 2036 1008 2063 noti
1023 2035 1067 2062 del
1081 2036 1158 2063 Liber
1175 2036 1314 2071 glossarum
1332 2035 1425 2071 quello
1441 2035 1493 2063 che
1510 2035 1531 2063 il

950 2078 980 2105 S.
998 2078 1065 2105 ebbe
1084 2077 1137 2105 aue
1153 2077 1228 2105 mani
1244 2087 1259 2105 e
1270 2086 1376 2114 neppur
1393 2078 1530 2113 posaiamo

950 2126 1104 2148 constatare
1123 2121 1149 2148 la
1167 2122 1253 2148 verita
1272 2120 1530 2149 dell’affermazione

950 2172 998 2190 sua
1017 2163 1128 2190 relativa
1147 2163 1199 2190 alla
1220 2163 1310 2199 glossa
1330 2173 1345 2188 α
1358 2163 1491 2191 honestus
1504 2173 1530 2196 ι,

950 2205 1050 2241 perche
1069 2211 1164 2242 questa
1182 2214 1253 2233 voce
1275 2214 1331 2233 non
1350 2206 1366 2232 e
1381 2211 1422 2233 tra
1440 2205 1530 2242 quelle

949 2247 1067 2275 raccolte
1090 2248 1125 2275 da
1144 2247 1178 2275 G.
1203 2248 1290 2276 Goetz
1315 2248 1361 2275 ne'
1375 2248 1454 2284 saggi
1477 2248 1531 2275 che

950 2290 1004 2326 egli
1016 2290 1052 2318 ha
1067 2290 1131 2318 dato
1143 2291 1198 2318 alla
1207 2290 1269 2318 luce
1279 2290 1323 2318 del
1332 2290 1409 2318 Liber
1416 2291 1531 2326 glossar..

951 2331 1031 2367 quale
1040 2332 1064 2359 si
1076 2331 1157 2368 legge
1167 2332 1210 2359 ne’
1224 2331 1303 2360 codd.
1315 2330 1380 2360 Vat.
1389 2331 1448 2359 Pal.
1461 2339 1528 2368 1773

948 2383 964 2401 e
975 2375 1063 2411 Parig.
1074 2375 1164 2402 Fonds
1173 2375 1233 2403 Lat.
1246 2383 1256 2402 1
1264 2369 1392 2412 1529-3o;
1407 2374 1440 2402 cf.
1450 2375 1529 2412 Corp.

946 2418 1016 2452 gloss.
1026 2418 1069 2445 lat.
1078 2418 1134 2445 vol.
1144 2417 1179 2451 V,
1186 2418 1303 2454 Lipsiae,
1315 2418 1392 2455 1894,
1401 2418 1490 2446 Exce
1497 2426 1510 2445 r
1517 2433 1529 2438 -

948 2466 1003 2496 pta
1017 2469 1054 2488 ex
1070 2461 1150 2488 libr.
1169 2460 1325 2497 gloss.11,
1343 2459 1476 2496 161-225.
