1682 2762
79 408 99 429 h
117 408 187 436 poesia
204 407 249 428 inse
280 414 291 427 a

79 442 91 455 ι
105 434 162 455 lod-r
177 434 196 454 Ιι
212 434 232 455 vl
279 440 290 453 e

79 462 195 489 vituperare
205 461 212 481 i
221 461 269 485 vizi,
279 461 290 480 ὲ

80 488 122 509 nlt-
135 488 267 508 invemione.

107 639 123 659 E
143 638 177 659 σίὸ
195 638 212 657 si
236 643 292 657 eom-

80 666 156 692 prende
167 671 199 684 me
214 664 242 684 lio
253 670 292 683 ove

81 693 97 712 si
117 692 174 719 pensi
193 690 238 736 all:e
252 691 292 710 ori-

103 725 127 738 ιιι
142 724 186 741 ωε,
199 724 209 737 c
240 731 245 741 ,
256 723 292 736 vo·

89 745 142 765 endo
157 745 162 764 i
193 744 238 763 rimi
252 749 292 762 uo-

81 771 131 791 mini
146 751 225 797 pariare
239 769 293 789 dell·

81 798 167 819 diviniti

81 869 107 888 ed
127 868 215 888 :nendo
238 868 293 887 ine--

81 896 126 922 paci
141 895 160 914 di
176 900 245 915 πονιτ
259 900 293 921 pn·

81 922 125 942 role
148 921 167 941 al
189 921 294 941 auhbieno

81 947 189 972 conformi,
197 949 294 975 s‘mpresn

82 981 128 995 sero
147 981 185 994 eon
205 974 293 1001 figur-to

82 1001 210 1029 linguaggio.

111 1331 138 1351 Di
156 1330 190 1357 qui
212 1329 232 1350 la
254 1335 296 1349 me-

84 1358 140 1378 lodi·
167 1357 204 1377 che
230 1355 247 1376 ι’
265 1362 296 1376 ιε-

84 1391 122 1435 ¹1⁵2?
123 1383 296 1437 ffifill’ss

84 1445 91 1458 ι
105 1444 170 1462 τοι-ιη

86 1676 152 1697 forma
174 1677 240 1703 prim·
264 1675 297 1696 del

85 1704 181 1730 pexuiero
209 1702 251 1723 fine
279 1703 297 1722 ai

86 1729 148 1757 tempi
159 1730 179 1749 di
189 1729 297 1754 Fereeide;

86 1840 156 1867 qnindi
174 1840 298 1860 numerosis-

86 1868 138 1887 sime
154 1867 173 1886 le
192 1868 258 1894 zpeeie
278 1868 298 1887 di

86 1894 141 1914 versi
155 1893 191 1914 che
205 1894 298 1914 s'usnro-

87 1927 115 1941 no
125 1920 212 1941 d'nllorn
221 1921 243 1941 in
253 1921 296 1948 poi.

317 270 383 302 226
738 273 1078 301 EPISTOLARIO

318 410 352 435 ut
375 402 401 434 si
430 399 522 433 nobis
549 407 694 432 constare
712 398 921 438 voluerimus,
942 408 1016 431 cum
1039 397 1164 441 proprie
1194 396 1355 440 poeticum
1380 396 1419 429 sit
1441 395 1508 428 lau-

319 459 392 492 dare
416 459 568 491 virtutem
596 458 663 490 sive
687 468 725 489 ex
745 455 913 490 virtutibus
937 465 968 489 et
995 468 1034 488 ex
1054 455 1138 488 vitiis
1161 465 1199 488 ac
1222 455 1298 488 vitia
1321 455 1510 499 vituperare,

318 516 484 550 fatendum
504 516 545 548 sit
560 525 626 548 non
644 525 764 547 vanum
784 523 814 547 et
834 525 901 547 non
925 512 1024 554 futile,
1041 513 1123 546 sicut
1141 513 1237 557 aliqui
1257 521 1380 556 putant,
1397 513 1509 545 inven-

318 584 388 608 turn
413 584 480 606 esse
504 573 664 616 poeticam
688 581 720 605 et
743 572 782 605 ad
811 572 878 605 eius
897 571 1125 616 perfectionem
1145 580 1292 615 oportere
1317 582 1384 604 non
1402 581 1511 614 parva,

319 631 374 664 sed
391 640 457 664 tam
471 630 568 663 ardua
586 641 684 674 quam
699 629 841 662 maxima
856 629 1018 663 cumulari.
1065 638 1096 662 et
1114 638 1151 662 ut
1169 628 1263 663 huius
1276 629 1350 662 artis
1363 636 1511 662 exortum

320 697 352 722 et
370 688 569 722 nobilitatem
589 686 769 728 ostendam,
795 698 868 720 cum
892 687 1032 731 primum
1057 687 1205 720 homines
1228 687 1414 730 inceperunt
1437 686 1511 719 Deo

319 746 493 790 supplicare
513 754 544 779 et
563 745 602 778 de
626 745 678 778 illa
696 744 846 778 ineffabili
869 745 1035 778 maiestate
1062 755 1171 778 secum
1196 753 1228 777 et
1250 745 1333 778 inter
1355 755 1389 777 se
1411 743 1511 787 loqui,

320 813 513 849 putaverunt
531 804 762 848 religiosissimi
780 804 840 836 viri
860 802 1030 846 indignum
1047 813 1116 836 esse
1135 813 1203 836 non
1226 801 1512 846 exquisitissimum

320 862 514 907 expressioni
527 870 614 895 tante
626 861 671 895 rei
684 861 833 894 adhibere
846 871 1040 894 sermonem.
1083 869 1114 894 et
1125 861 1197 904 quia
1211 869 1278 894 tam
1294 859 1426 893 arduam
1444 869 1512 892 rem

321 920 438 964 eloqui,
453 931 515 963 que
535 930 665 953 sensum
682 930 816 952 omnem
835 918 1088 959 transcendebat,
1105 927 1140 952 ut
1158 929 1235 962 pure
1251 917 1512 962 intelligerentur,

320 989 388 1011 non
403 985 560 1021 poterant,
574 976 693 1020 figuras
709 976 863 1020 quasdam
878 975 1153 1020 excogitaverunt,
1168 975 1282 1019 quibus
1293 974 1372 1009 illud
1386 985 1513 1008 summe

321 1035 495 1069 divinitatis
519 1045 680 1074 arcanum,
710 1034 798 1078 quod
817 1034 940 1067 ratione
964 1033 1017 1067 vel
1038 1034 1144 1078 potius
1165 1042 1237 1067 ante
1262 1034 1324 1066 Dei
1347 1032 1515 1066 revelatio-

322 1104 397 1127 nem
410 1093 619 1126 extimatione
633 1101 848 1136 perceperant,
860 1091 1054 1125 celebrarent
1068 1100 1162 1135 atque
1174 1090 1335 1131 referrent,
1349 1099 1381 1124 et
1394 1098 1514 1135 quanto

321 1149 489 1184 sublimius
508 1150 661 1194 loquendi
675 1161 778 1194 genus
797 1150 893 1183 etiam
912 1149 1112 1183 excultorum
1132 1148 1304 1182 hominum
1319 1148 1450 1193 ingenia
1466 1159 1514 1181 re-

321 1208 422 1253 perire
446 1216 630 1252 potuerunt,
646 1209 713 1241 sive
733 1217 843 1241 natura
872 1209 939 1241 sive
964 1217 1028 1241 arte
1045 1208 1112 1241 sive
1131 1207 1272 1251 quodam
1291 1219 1351 1240 usu
1371 1215 1403 1240 et
1426 1217 1515 1240 exer-

323 1266 473 1300 citatione
497 1265 634 1306 dicendi,
653 1266 727 1299 huic
750 1266 913 1309 mysterio,
930 1277 995 1310 quo
1019 1266 1123 1299 maior
1146 1264 1313 1299 adderetur
1335 1265 1515 1305 auctoritas,

323 1323 562 1357 dicaverunt<²>.
609 1323 693 1364 hinc,
709 1323 797 1367 quod
816 1333 983 1368 poetarum
1008 1334 1077 1356 esse
1095 1323 1175 1356 nulli
1195 1323 1397 1363 dissentiunt,
1409 1322 1516 1356 soluto

324 1381 488 1425 liberoque
512 1382 654 1415 sermoni
678 1382 798 1415 musica
818 1393 874 1426 per
892 1392 1002 1415 versus
1022 1381 1126 1415 addita
1142 1381 1298 1415 melodia:
1318 1390 1352 1414 ut
1370 1380 1516 1425 perfectis

323 1439 580 1483 imperfectisque
596 1439 804 1483 temporibus,
820 1451 882 1484 que
898 1439 1045 1473 moderni
1062 1439 1137 1473 bina
1148 1448 1300 1483 ternaque
1315 1438 1517 1472 dimensione

324 1497 553 1532 semibrevibus
569 1497 712 1538 vocibus,
728 1507 798 1531 tum
818 1498 946 1531 maioris
970 1507 1040 1531 tum
1063 1498 1197 1531 minoris
1213 1497 1340 1541 spiritus
1359 1498 1428 1531 sive
1443 1508 1516 1541 pro-

324 1556 450 1590 lationis
473 1564 627 1599 quaterno
646 1555 695 1588 vel
719 1556 844 1588 senario
860 1566 1054 1599 novenoque
1078 1555 1283 1588 minimarum
1305 1566 1452 1595 numero,
1468 1566 1517 1588 ra-

324 1614 412 1647 tione
436 1612 640 1646 subtilissima
663 1613 849 1653 metiuntur,
867 1612 964 1646 verba
985 1612 1120 1656 pedibus
1143 1612 1303 1657 pedesque
1327 1612 1517 1646 carminibus

324 1671 507 1715 ligarentur.
563 1682 629 1714 quo
653 1671 707 1703 vix
741 1671 809 1704 sine
840 1671 981 1714 quodam
1011 1670 1097 1704 melo
1126 1679 1257 1715 possent
1280 1682 1378 1704 voces
1404 1670 1518 1704 talibus

325 1730 460 1763 vinculis
485 1740 631 1763 connexe
650 1728 798 1774 proferri;
819 1729 906 1774 quod
933 1729 1064 1773 quidem
1084 1729 1342 1773 antiquissimum
1361 1728 1519 1762 scribendi

325 1799 426 1833 genus
442 1787 500 1821 fuit
516 1796 588 1821 ante
602 1787 820 1830 Pherecydem
834 1788 964 1830 Syrum,
977 1788 1030 1831 qui
1045 1788 1168 1831 primus
1186 1786 1269 1830 apud
1285 1787 1406 1820 Grecos
1425 1797 1519 1831 prosa

325 1844 438 1878 dicitur
457 1845 648 1889 scriptitasse
659 1845 702 1878 (²).
750 1856 812 1889 que
828 1856 877 1878 res
893 1844 974 1878 adeo
988 1844 1112 1878 exculta
1126 1853 1184 1885 est,
1195 1844 1284 1888 quod
1295 1844 1360 1877 iam
1377 1853 1517 1885 centum,

325 1912 360 1935 ut
376 1902 471 1936 docet
483 1902 666 1943 Servius(³),
679 1911 854 1936 metrorum
869 1901 1044 1936 differentie
1055 1911 1177 1946 reperte
1194 1901 1297 1946 deque
1314 1902 1428 1946 viginti
1444 1910 1518 1934 octo

359 2013 402 2048 (1)
422 2012 477 2039 Son
496 2019 588 2048 queste
605 2013 663 2040 idee
676 2013 784 2040 intorno
797 2013 900 2040 all’ori—

324 2055 386 2090 gine
404 2054 528 2090 religiosa
547 2055 618 2082 della
643 2055 736 2091 poesia
764 2055 790 2082 le
814 2061 899 2082 stesse

325 2097 367 2124 ch’
378 2097 432 2132 egli
451 2097 575 2132 sviluppo
594 2098 638 2132 piii
659 2098 834 2132 largamente,
853 2107 899 2133 per

323 2145 398 2166 tacer
417 2139 442 2165 d’
451 2139 511 2166 altri
533 2139 625 2171 scritti,
650 2139 712 2166 nell'
723 2148 803 2175 opera
829 2139 899 2166 della

323 2189 371 2207 sua
391 2181 558 2213 vecchiezza,
577 2180 596 2207 il
619 2181 658 2208 De
677 2182 783 2208 Hercule
802 2182 899 2217 eiusque

324 2224 451 2250 laboribus
470 2233 484 2250 e
503 2229 665 2259 soprattutto
684 2224 730 2251 nel
749 2233 807 2260 cap.
826 2233 836 2252 1
855 2224 899 2251 del

323 2265 334 2291 I
355 2265 435 2292 libro:
455 2266 504 2292 De
522 2266 618 2301 poesi
636 2271 761 2293 contra
789 2267 899 2293 detra-

324 2313 443 2334 ctores
464 2308 708 2343 compendiosa
734 2307 898 2335 defensio

324 2355 357 2376 et
387 2350 473 2376 unde
501 2351 690 2385 putandum
717 2357 769 2378 est
796 2351 899 2386 origi-

323 2400 398 2418 nem
431 2393 615 2425 habuisse;
641 2393 717 2421 codd.
743 2393 804 2420 Vat.
831 2393 896 2420 Urb.

324 2442 384 2466 201,
404 2443 427 2461 c.
447 2442 477 2470 75
498 2443 516 2462 A
536 2444 551 2462 e
570 2435 630 2471 694,
650 2445 672 2463 c.
695 2444 744 2463 1A.
780 2436 816 2463 Vi
829 2436 851 2463 si
862 2437 898 2463 ri-

944 2022 1061 2040 conosce
1071 2014 1159 2040 subito
1169 2013 1186 2040 l'
1193 2013 1304 2040 influsso
1313 2012 1383 2040 delle
1397 2012 1518 2048 opinioni

943 2055 1124 2082 aristoteliche
1143 2056 1171 2082 in
1199 2055 1337 2091 proposito
1361 2063 1385 2087 e,
1408 2055 1437 2081 in
1462 2063 1519 2080 ma-

943 2099 1019 2124 niera
1035 2098 1122 2124 anche
1137 2098 1182 2133 piu
1199 2097 1328 2132 evidente,
1343 2096 1434 2132 quello
1448 2096 1518 2123 delle

943 2141 1065 2167 teoriche
1092 2146 1198 2176 esposte
1226 2140 1270 2167 dal
1294 2139 1445 2167 Boccaccio
1474 2139 1519 2166 nel

944 2183 988 2210 lib.
1006 2183 1071 2209 XIV
1089 2183 1159 2209 delle
1180 2182 1280 2210 Gmcal.
1294 2182 1370 2208 Dwr.
1384 2189 1443 2216 cap.
1457 2188 1518 2208 vm.

944 2225 988 2252 Cf.
1002 2225 1120 2258 Hom-13,
1131 2225 1201 2252 studi
1213 2224 1272 2252 sulla
1284 2229 1323 2260 op.
1337 2224 1380 2251 lat.
1393 2223 1431 2250 del
1446 2224 1519 2251 Bocc.

945 2276 970 2303 p.
993 2267 1038 2300 185
1061 2275 1119 2302 sgg.

981 2309 1024 2344 (2)
1045 2308 1086 2336 Cf.
1110 2309 1190 2336 sz.
1209 2309 1269 2335 Nat.
1288 2308 1342 2335 hist.
1361 2307 1422 2340 VII,
1449 2314 1519 2339 Lvn,

947 2359 992 2384 14;
1011 2351 1118 2378 Ismon.
1141 2351 1212 2385 Orig.
1233 2350 1253 2383 Ι,
1271 2357 1311 2385 37.

978 2394 1020 2428 (3)
1031 2393 1067 2420 M.
1082 2393 1180 2420 Senvu
1193 2393 1268 2419 Hou.
1281 2400 1396 2427 gramm.
1410 2391 1451 2418 De
1462 2400 1518 2418 cen-

943 2439 994 2463 tum
1002 2436 1086 2463 metris
1095 2435 1124 2462 in
1133 2435 1210 2470 Κειι,
1220 2434 1337 2462 Gramm.
1347 2434 1390 2461 lat.
1402 2433 1450 2466 IV,
1456 2440 1516 2468 457.

1544 924 1583 948 10

1546 1213 1584 1246 15

1544 1505 1587 1528 20

1545 1793 1585 1827 25
