1682 2762
86 876 125 900 10

86 1160 122 1193 15

82 1451 125 1475 20

82 1738 122 1772 25

425 221 473 248 DI
504 221 766 249 COLUCCIO
799 221 1068 249 SALUTATI.
1274 223 1338 256 207

154 353 323 388 postquam
348 355 405 376 vos
429 353 460 377 et
483 344 533 377 alii
558 345 696 378 Romani
725 345 850 388 imperii
876 356 1032 388 procere5‚
1055 355 1193 388 quorum
1217 353 1265 377 est
1289 344 1346 377 ista

154 410 298 441 tractare,
320 400 359 434 ad
382 401 445 434 hoc
468 402 584 434 scisma
607 401 786 435 tollendum
810 401 964 435 videmini
989 403 1196 436 convenisse!

221 458 418 492 Honorabile
440 458 572 502 quidem
592 468 640 492 est
665 459 747 493 velle
766 459 854 504 quod
873 471 960 493 cesar
979 460 1227 494 consecrationis
1249 460 1347 493 susci-

153 516 218 560 piat
239 527 357 550 munus
378 525 410 550 et
425 517 554 560 triplicis
578 528 697 550 corone
713 517 811 551 decus
827 517 948 558 induat,
967 529 1032 561 quo
1047 518 1186 551 seculare
1206 517 1346 552 christia-

153 585 270 607 norum
297 583 390 618 caput
410 574 567 618 completa
587 574 743 619 refulgeat
772 575 927 620 dignitate
937 575 980 607 (¹).
1027 575 1084 609 sed
1103 586 1197 619 super
1213 586 1346 609 omnem

153 631 308 665 bonorem
336 639 384 664 est
407 643 515 665 curare
545 631 677 665 vulnera
710 632 969 676 coniungereque
991 632 1172 673 scissuram,
1192 643 1290 676 quam
1314 632 1347 665 in

152 697 261 722 sancte
273 689 381 722 matris
392 688 533 723 Ecclesie
544 700 676 733 corpore
689 689 805 722 scisma
814 688 898 723 fecit.
936 689 1035 723 nolite
1045 690 1108 733 pati
1119 689 1207 733 quod
1219 689 1348 723 ulterius

152 745 211 778 ista
236 745 355 786 divisio
376 746 542 780 nutriatur.
588 746 651 780 heu
675 757 728 780 me
753 746 917 787 miserum,
941 758 1016 780 cum
1039 747 1175 780 sentiam
1194 758 1247 780 me
1271 758 1347 780 con-

153 802 282 836 cordem
296 804 330 837 in
346 804 476 838 Christo
496 815 571 837 cum
588 804 718 838 Gallicis
742 813 774 837 et
793 804 944 848 Hispanis
965 813 997 837 et
1016 804 1082 837 aliis
1106 804 1347 848 quibuscunque

151 862 206 905 qui
229 860 388 895 credidere
413 861 575 895 Clementi
598 873 722 906 suoque
745 862 959 895 reverentiam
984 862 1137 896 exhibent
1161 862 1348 902 successori,

153 918 378 953 dissentiamne
402 931 476 953 cum
499 920 545 952 eis
569 919 609 953 de
633 920 751 953 vicario
775 920 848 954 Iesu
869 919 1012 967 Christi?
1057 929 1089 953 et
1111 931 1207 964 quam
1225 919 1347 953 abomi-

152 976 255 1010 nabile
270 978 310 1010 sit
331 976 418 1021 quod
435 977 576 1010 vicissim
591 977 635 1011 illi
654 989 726 1018 nos,
745 988 806 1011 nos
824 977 896 1011 illos
915 978 1114 1011 scismaticos
1133 977 1347 1022 appellemus!

153 1035 275 1079 integra
305 1034 398 1068 nobis
421 1045 452 1068 et
475 1035 534 1068 illis
560 1045 647 1079 petra
674 1045 732 1076 est,
755 1046 817 1080 que
847 1035 978 1079 quidem
1009 1044 1057 1068 est
1090 1035 1247 1070 Christus.
1294 1047 1349 1069 cur

152 1102 219 1125 non
251 1093 365 1136 integri
398 1103 510 1126 sumus
539 1093 573 1126 in
605 1093 711 1133 Petro,
743 1093 797 1137 qui
827 1093 962 1126 vicarius
993 1102 1040 1126 est
1071 1092 1216 1127 Christi?
1270 1104 1348 1137 ergo

152 1148 300 1183 audacter
322 1149 436 1183 dicam.
481 1159 611 1194 propter
634 1149 716 1183 duos
735 1150 884 1183 homines
904 1160 946 1190 et,
963 1161 1036 1184 cum
1053 1150 1092 1184 ad
1111 1151 1279 1184 veritatem
1294 1162 1349 1184 ve-

152 1207 306 1248 nerimus,
318 1206 410 1248 duos,
423 1207 559 1251 quanvis
579 1207 786 1249 venerabiles,
804 1207 994 1248 sacerdotes,
1009 1208 1175 1242 universus
1195 1207 1348 1241 Christia-

152 1265 258 1298 nitatis
286 1265 383 1305 orbis,
407 1274 456 1298 tot
478 1265 646 1309 principes,
671 1274 720 1299 tot
751 1265 873 1310 populi,
895 1275 944 1299 tot
973 1275 1085 1310 gentes
1116 1266 1279 1310 pertinaci,
1307 1277 1348 1298 ne

152 1321 255 1356 dicam
279 1332 429 1367 perpetua
447 1323 589 1356 sectione
613 1322 791 1357 desciscent
813 1333 844 1357 et
863 1323 916 1364 illi,
934 1323 1138 1368 patientibus,
1153 1324 1222 1357 imo
1238 1323 1350 1357 faven-

151 1380 236 1414 tibus
259 1380 352 1414 nobis
376 1390 408 1414 et
439 1381 518 1421 aliis,
543 1380 717 1415 fecerintne
741 1381 781 1415 de
814 1381 954 1415 Ecclesie
984 1382 1131 1416 Romane
1160 1381 1348 1415 rectitudine

151 1437 272 1472 flexum
302 1449 411 1472 arcum
442 1448 473 1472 et
506 1439 655 1472 sedentes
683 1440 717 1473 in
750 1440 878 1473 cornuis
905 1439 1047 1484 pondere
1070 1451 1130 1473 suo
1153 1450 1220 1473 non
1244 1439 1349 1473 sinent

151 1497 338 1530 curvitatem
362 1507 460 1540 quam
483 1497 643 1531 cernimus
667 1496 840 1541 adequari?
885 1508 906 1530 o
926 1497 1065 1530 dedecus
1085 1497 1181 1537 orbis,
1202 1508 1222 1530 o
1245 1496 1349 1541 pudor

151 1553 311 1595 omnium,
327 1565 347 1587 o
363 1553 455 1598 culpa
473 1553 673 1598 inexpiabilis
691 1555 868 1599 principum
888 1564 920 1588 et
938 1554 1123 1599 simplicitas
1138 1554 1347 1599 populorum!

151 1611 227 1656 quid
250 1612 314 1645 iam
337 1610 376 1645 ad
400 1623 522 1646 annum
546 1623 629 1656 pene
658 1612 853 1657 vigesimum
880 1612 1062 1646 tolerastis?
1107 1624 1163 1647 cur
1185 1612 1348 1657 negligitis

151 1680 220 1703 rem
233 1669 313 1703 tanti
325 1668 474 1714 ponderis
487 1678 519 1703 et
533 1681 595 1714 que
611 1669 720 1703 divina
732 1678 764 1703 et
775 1669 927 1710 humana,
936 1670 997 1703 nisi
1010 1679 1147 1714 ponatur
1155 1669 1347 1711 remedium,

152 1725 267 1761 debeat
287 1726 503 1771 permiscere?
547 1736 662 1771 potens
685 1736 733 1761 est
750 1727 811 1762 ista
833 1727 960 1768 divisio,
977 1727 1235 1772 quandocunque
1259 1727 1346 1761 veni·

151 1794 236 1818 retur
255 1783 295 1817 ad
313 1795 412 1824 arma,
431 1795 530 1830 regna
548 1784 728 1826 transferre,
744 1794 848 1819 totum
865 1785 1112 1819 Christianitatis
1136 1796 1251 1830 corpus
1266 1796 1344 1819 con·

151 1841 314 1876 tendendo
338 1842 513 1887 discerpere
533 1851 712 1887 cunctaque
733 1842 968 1887 perturbatione
991 1842 1121 1877 funerea
1139 1843 1342 1887 pessundare.

152 1899 252 1933 nolite
274 1899 337 1944 pati
362 1899 542 1934 Gentilibus
566 1909 599 1933 et
621 1901 796 1941 Saracenis,
819 1900 874 1945 qui
901 1909 991 1934 tanto
1015 1900 1054 1934 de
1077 1912 1137 1935 suo
1161 1901 1342 1934 Maumetto

207 2028 227 2045 ι.
240 2022 296 2051 im]
310 2023 342 2046 m
352 2023 383 2045 ita
438 2029 487 2053 3·⁴·
504 2021 533 2045 ι’
549 2029 610 2045 mun.
626 2029 687 2046 susc.
742 2031 764 2052 5.
779 2024 834 2046 M-D
845 2024 930 2052 fulgeat
985 2023 1030 2053 5-6.
1044 2022 1073 2046 1.¹
1089 2023 1142 2046 hon.
1157 2029 1219 2045 omn.
1274 2029 1295 2051 9.
1311 2021 1341 2045 1.¹

151 2062 258 2091 hispaniis
292 2062 323 2085 R⁴
337 2063 437 2091 hiup-ni·
445 2063 505 2085 colla
514 2063 646 2091 conexione
654 2063 700 2092 σιὰ
710 2069 782 2092 sopra
791 2066 881 2087 uocata.
945 2071 978 2087 10.
985 2064 1017 2086 Rl
1024 2070 1066 2086 tuo
1076 2063 1137 2092 quod
1194 2069 1226 2086 11.
1237 2062 1264 2084 1η
1274 2063 1342 2091 luogo

152 2101 179 2123 dt
187 2107 215 2123 ne
223 2101 278 2124 Μ-ι)
287 2107 347 2123 nune
403 2107 435 2123 η.
445 2101 476 2123 Ru*
484 2101 507 2123 fit
543 2101 601 2124 ΜΛ)
609 2102 748 2131 appellamus
813 2109 847 2131 ¹5-
859 2103 890 2124 R⁴
901 2103 931 2125 Rn'
939 2103 993 2125 M·D
1005 2102 1051 2126 dic.
1061 2102 1113 2124 aud.
1178 2103 1212 2124 18.
1224 2102 1278 2124 Md>
1285 2107 1341 2124 teca

152 2139 271 2163 dinei-nem
284 2140 315 2162 ed
327 2140 352 2162 ἐκ
366 2140 477 2169 margine
497 2143 602 2163 amota:
622 2141 686 2164 locu·
706 2146 832 2170 corruptus.
929 2148 962 2171 ¹9·
982 2142 1002 2164 C
1010 2141 1039 2164 Rt
1051 2141 1116 2164 vobin
1162 2141 1194 2163 Κ*
1208 2142 1230 2163 lo
1248 2143 1341 2163 ornem.

153 2181 207 2203 ‚ld-D
219 2187 276 2204 rom.
289 2180 344 2203 eccl.
437 2186 474 2210 ²3·
494 2181 548 2203 Md)
565 2184 650 2203 omene
667 2188 723 2210 pene
737 2182 768 2204 ed
781 2183 805 2204 r'n
820 2182 932 2211 margine
943 2183 1056 2210 pontr'lla:
1074 2182 1139 2211 1398.
1193 2181 1224 2204 Ra'
1241 2180 1341 2203 tolerasti

153 2221 228 2250 ²5⁴⁶·
243 2220 296 2244 u-l)
310 2221 410 2244 venirent
481 2227 516 2250 ²7-
534 2220 566 2244 R⁴
576 2221 606 2243 R!
613 2222 668 2244 Μ-ἱ)
680 2223 808 2245 turbatione
856 2221 885 2245 L¹
902 2229 995 2245 venere·
1037 2222 1118 2245 <tu-D
1130 2221 1209 2244 funer-
1245 2221 1302 2244 M-D
1315 2221 1340 2243 tn

154 2262 276 2291 margine.-
290 2262 307 2284 f.
322 2262 411 2285 {aneon
465 2262 500 2285 2⁸.
515 2262 569 2284 MD
582 2262 713 2285 Mahnmeto

189 2373 233 2410 (ι)
252 2373 293 2401 Cf.
312 2374 338 2401 la
357 2380 422 2401 nota
443 2382 453 2401 1
476 2382 492 2401 a
510 2383 536 2410 p.
558 2382 615 2410 ¹9⁷-

1375 351 1450 371 auehe
1477 357 1488 371 e
1511 350 1587 371 lodoco

1374 384 1385 398 e
1414 377 1429 397 li
1442 377 1488 397 altri
1503 378 1586 398 eleum-1

1373 404 1399 424 de
1409 404 1424 424 1¹
1433 405 1460 424 im
1498 411 1511 424 ο
1526 404 1543 424 εἰ
1553 411 1586 424 ω-

1374 437 1402 477 ΐο
1412 431 1529 477 thasiae?
1537 435 1589 477 mi}-

1383 464 1406 477 er
1419 464 1431 477 ι
1449 464 1466 477 ιι
1514 465 1520 477 ι
1537 464 1556 477 m
1579 465 1586 477 ι

1374 484 1470 505 timedio.

1397 511 1586 537 unomen-aprov-

1374 538 1447 558 κάετε
1470 537 1509 557 nna
1530 542 1586 557 tran-

1375 564 1456 591 quium
1482 563 1530 584 dell'
1548 565 1585 583 im-

1375 597 1433 618 pero,
1447 597 1480 611 mn
1496 590 1534 611 bea
1548 590 1586 611 mi-

1374 617 1441 644 gliore
1467 617 1556 637 rimare
1578 617 1584 637 i

1374 643 1424 664 mn
1437 643 1492 664 della
1500 643 1583 665 Chim.

1400 754 1506 775 Dolor-oto
1530 760 1585 782 npet—

1373 781 1443 803 teeolo
1476 781 1532 802 mello
1549 782 1585 802 ebo

1375 808 1456 829 offreln
1494 809 1586 829 inituim

1374 835 1436 856 adm
1449 842 1461 855 e
1475 835 1584 860 dincordeg

1375 1163 1387 1178 ο
1401 1158 1435 1178 cio
1463 1164 1485 1178 er
1499 1158 1537 1178 due
1547 1165 1584 1178 uo·

1375 1185 1426 1204 mini
1439 1191 1450 1205 e
1465 1191 1476 1205 e
1498 1185 1515 1204 si
1538 1191 1586 1205 οοιι-

1375 1211 1465 1231 teudone
1479 1211 1494 1231 il
1504 1217 1585 1231 nummo

1375 1237 1458 1265 nogliol

1401 1333 1423 1354 Si
1446 1335 1506 1355 voni
1526 1335 1586 1356 tolle-

1375 1362 1586 1409 asstare&

1375 1415 1408 1435 dia
1417 1415 1514 1441 provoehi
1526 1419 1585 1435 tauto

1375 1441 1494 1466 obbrobdo,

1373 1619 1473 1655 ‘9¹¹²‘ss
1493 1619 1518 1640 dn
1536 1627 1584 1641 ven-

1374 1651 1382 1666 t
1398 1653 1455 1671 anni,

1372 1737 1384 1750 e
1399 1731 1454 1751 reehl
1467 1731 1488 1752 in
1502 1736 1557 1752 mtto
1568 1731 1582 1752 il

1371 1758 1450 1778 mondo
1474 1758 1582 1790 pedglione

1371 1784 1491 1811 agit-aiom,

1370 1899 1430 1919 read·
1447 1899 1466 1920 le
1485 1900 1581 1920 :tintinna

1369 1925 1470 1953 religione
1491 1932 1580 1954 oggeno
