1708 2774
362 307 403 340 30
776 291 1119 324 EPISTOLARIO

363 357 1043 375 -——————————-—---·-

362 438 394 463 et
415 428 510 473 paulo
533 434 621 471 post:

534 516 648 551 Expecta
668 512 818 540 modicum:
838 511 892 537 iam
911 507 1006 536 florida
1024 506 1123 534 defluet
1141 511 1198 532 etas
1217 503 1316 532 &c.(¹).

362 614 420 636 nec
438 602 502 634 iam
521 599 560 632 ad
583 609 687 631 mores
706 597 898 639 virtutesque
923 592 1102 637 confugias,
1118 602 1197 636 quas
1213 602 1254 625 an
1270 590 1373 635 possis
1389 599 1421 623 et
1435 589 1552 623 debeas

363 659 414 694 vel
437 658 564 702 diligere
588 656 639 689 vel
662 655 765 688 mirari
784 655 818 687 in
838 653 896 686 hac
916 661 970 686 tua
994 650 1140 685 Iohanna
1164 648 1403 683 adolescentula
1429 657 1462 682 et
1483 649 1553 682 ine-

360 717 472 757 rudita,
496 716 584 749 cuius
604 726 663 747 nec
686 722 751 747 etas
771 724 829 746 nec
847 710 1001 756 professio
1020 709 1137 754 patitur
1159 719 1350 752 quecunque
1382 705 1493 740 fecerit
1518 706 1552 740 in
1580 714 1598 748 5

361 774 459 808 finem
479 773 631 812 debitum,
647 782 807 816 quemque
826 780 893 803 non
913 768 1066 812 intelligat
1089 778 1149 800 nec
1173 766 1298 799 noverit
1313 764 1472 806 ordinare,
1487 764 1553 810 epi-

362 832 442 865 stola
465 830 653 875 precedente
678 829 753 862 satis
776 826 922 871 explicui,
942 826 1079 869 satisque
1098 823 1260 864 omnibus,
1284 823 1339 868 qui
1359 822 1502 867 desipere
1521 830 1554 856 et

363 890 401 924 ad
415 889 581 924 libidinem
596 888 682 933 loqui
698 899 765 921 non
781 886 950 926 voluerint,
968 884 1100 917 arbitror
1111 893 1298 927 persuasum
1308 882 1354 915 (⁸).
1401 893 1468 916 non
1482 892 1552 926 per·

151 959 198 979 uo„
219 959 245 979 h·
266 966 278 979 ι
298 959 336 979 che
363 950 442 982 tinet
466 957 572 982 autem
596 946 635 981 ad
654 945 870 979 fortitudinem
898 944 948 977 hic
969 954 1059 976 amor
1081 951 1167 982 tuus,
1186 940 1242 975 sed
1261 941 1370 985 potius
1389 939 1429 973 ad
1447 939 1553 974 molli-

126 985 168 1037 2Ῐο
182 992 220 1006 ⁶⁰⁰
233 986 335 1006 mm*
363 1007 444 1040 ciem
464 1014 556 1049 atque
578 1004 830 1043 delectationem,
850 1002 910 1035 nisi
934 991 1065 1034 forsitan
1087 998 1215 1033 amandi
1231 998 1301 1044 plus
1319 1010 1419 1044 quam
1437 997 1553 1032 debeas
1584 1007 1624 1031 10

364 1064 578 1108 pertinaciam,
600 1061 818 1096 fortitudinem
842 1072 953 1100 voces;
970 1058 1057 1104 quod
1072 1057 1202 1103 quidem
1219 1057 1348 1102 allegari
1362 1068 1431 1090 non
1447 1065 1554 1101 potest

364 1134 403 1156 ex
427 1133 466 1155 eo
489 1121 575 1166 quod
595 1120 730 1153 modum
753 1128 889 1153 transeat
912 1127 944 1151 et
963 1126 1077 1151 cuncta
1096 1116 1275 1151 moderanti
1295 1124 1399 1149 careat
1417 1115 1553 1150 ratione.

127 1190 337 1218 aeeon-‹emperan-
364 1192 422 1214 nec
446 1179 603 1213 sobrietati
627 1178 678 1212 vel
702 1177 895 1211 continentie
920 1175 1068 1209 ascribas:
1095 1175 1147 1208 illa
1177 1174 1310 1219 quidem
1342 1174 1424 1208 circa
1447 1173 1554 1216 cibos;

127 1223 158 1237 ἰ’
365 1238 423 1271 hec
447 1238 599 1271 contrarie
618 1236 756 1280 passioni
778 1235 934 1279 permixta
958 1233 1102 1267 venereis
1121 1232 1306 1267 moderatur
1313 1245 1322 1274 ;
1341 1242 1377 1267 tu
1396 1241 1507 1266 autem
1520 1241 1554 1267 te

366 1295 442 1328 dicis
465 1294 628 1328 sordidum
647 1294 738 1327 illum
763 1293 863 1326 carnis
887 1291 1036 1326 affectum
1060 1292 1154 1325 huius
1174 1292 1292 1331 amoris
1307 1289 1471 1325 mundicia
1485 1301 1553 1324 non
1585 1299 1622 1333 15

365 1353 490 1386 sentire.
537 1352 562 1385 si
580 1351 699 1386 tollitur
722 1360 828 1385 autem
858 1350 1125 1394 concupiscentia,
1148 1361 1211 1394 que
1239 1349 1340 1383 carnis
1366 1348 1466 1383 libido
1493 1357 1553 1390 est,

365 1410 484 1444 tollitur
502 1411 596 1443 etiam
616 1419 647 1443 et
667 1409 942 1453 continentia,que
958 1418 1005 1442 est
1019 1407 1176 1452 passionis
1196 1406 1421 1441 huiuscemodi
1439 1405 1553 1441 mode-

130 1476 338 1531 djss-lgsstt-gsure
365 1469 469 1502 ratrix.
516 1480 554 1501 an
581 1467 660 1501 forte
685 1467 768 1501 dices
792 1479 860 1501 esse
889 1467 1045 1500 iusticiam
1075 1478 1211 1500 uxorem
1246 1466 1373 1500 alterius
1401 1465 1442 1499 ad
1467 1465 1554 1500 dele-

365 1527 535 1560 ctationem
554 1527 679 1567 mentis,
700 1538 765 1560 non
790 1525 828 1559 ad
846 1525 1045 1570 voluptatem
1071 1525 1172 1559 carnis
1196 1524 1331 1558 amare?
1375 1524 1402 1558 si
1425 1524 1489 1559 hoc
1504 1525 1553 1559 iu-

365 1585 451 1618 sticia
479 1593 535 1625 est,
560 1594 612 1618 aut
644 1585 701 1618 erit
727 1593 999 1618 commutatorum
1033 1583 1196 1629 equalitas,
1221 1595 1284 1629 que
1315 1583 1403 1618 nulla
1428 1583 1461 1617 in
1490 1583 1553 1617 isto
1581 1595 1624 1620 20

365 1654 472 1676 amore
491 1651 573 1683 sunt,
587 1651 640 1675 aut
655 1651 737 1675 certa
755 1641 945 1683 distributio,
964 1641 1232 1683 consideratione,
1247 1642 1330 1676 sicut
1345 1640 1448 1682 decet,
1463 1640 1554 1674 adhi-

365 1700 440 1741 bita,
455 1700 644 1744 dignitatum
665 1710 695 1734 et
714 1701 914 1741 meritorum;
938 1712 1000 1745 que
1021 1711 1095 1734 cum
1118 1701 1152 1734 in
1171 1699 1266 1734 huius
1283 1699 1465 1734 dilectionis
1481 1708 1553 1734 actu

366 1758 522 1801 assignare
534 1769 599 1791 non
612 1769 719 1802 queaS,
731 1769 795 1791 non
812 1766 902 1802 potes
914 1759 1011 1791 etiam
1026 1758 1185 1792 iusticiam
1198 1757 1429 1791 demonstrare.
1475 1764 1552 1791 nam

364 1815 450 1859 quod
473 1815 557 1849 hunc
576 1825 628 1849 tue
647 1816 766 1860 private
790 1816 942 1860 passionis
962 1825 1068 1850 actum
1088 1817 1122 1850 in
1141 1815 1267 1860 publice
1291 1816 1434 1850 utilitatis
1451 1814 1553 1850 finem

366 1873 479 1917 dirigas
499 1883 551 1907 aut
574 1873 706 1918 dirigere
729 1874 842 1918 possis,
866 1886 925 1908 nec
945 1874 1040 1908 credo
1064 1886 1124 1908 nec
1153 1874 1264 1916 vide03
1288 1883 1324 1908 ut
1347 1875 1394 1908 sic
1418 1873 1553 1908 manife-
1580 1882 1621 1916 25

365 1939 449 1964 stum
472 1932 510 1965 sit
533 1932 629 1965 etiam
658 1931 696 1966 ad
719 1932 854 1977 legalem
882 1933 1038 1966 iusticiam
1062 1945 1129 1966 non
1153 1942 1306 1977 spectare.
1353 1932 1436 1967 educ
1461 1944 1552 1978 ergo,

365 1989 389 2020 si
413 1998 515 2032 potes,
538 2001 577 2022 ex
597 1989 769 2024 honestatis
789 2001 904 2024 acervo
924 1992 1164 2035 proprietatem,
1185 1991 1235 2025 cui
1258 1990 1329 2024 talis
1352 1991 1471 2024 amoris
1497 1990 1552 2024 ha·

131 2055 231 2102 ”⁰035
240 2055 338 2102 2215&
365 2046 475 2088 bitum,
491 2048 615 2092 qualem
631 2048 800 2090 confiteris,
821 2049 966 2084 ascribas,
1013 2049 1100 2095 quod
1117 2051 1143 2083 si
1159 2049 1199 2083 ad
1214 2049 1397 2095 theologica
1413 2049 1553 2084 volueris

131 2108 337 2136 tddtriusomwfi·
365 2116 531 2146 recurrere,
554 2106 679 2139 illorum
703 2106 742 2140 de
761 2119 862 2148 more,
885 2108 951 2152 qui,
975 2117 1011 2141 ut
1033 2107 1147 2152 inquss,
1166 2107 1302 2152 amplius
1326 2119 1395 2141 non
1417 2116 1554 2152 possunt

364 2162 396 2195 in
415 2162 512 2206 prelio
535 2163 678 2205 residere,
699 2164 838 2198 concede
864 2166 960 2199 etiam
981 2165 1077 2199 michi
1098 2165 1186 2210 quod
1209 2165 1298 2210 loqui
1324 2165 1446 2210 possim
1471 2164 1552 2199 ultra
1581 2175 1624 2210 30

417 2282 439 2304 7.
455 2275 510 2298 Cod.
525 2276 625 2305 decipere
706 2284 743 2307 30.
758 2279 788 2300 Le
799 2279 882 2307 parole
896 2278 954 2301 ultra
963 2291 975 2296 -
985 2278 1048 2301 vides
1065 2281 1097 2308 (p.
1111 2284 1156 2308 31,
1171 2285 1192 2301 r.
1207 2281 1244 2307 2),
1260 2285 1350 2301 mene
1360 2285 1405 2307 per
1418 2283 1501 2301 επακ
1513 2279 1555 2301 nel

366 2318 432 2342 testo,
440 2316 521 2343 ,furon
528 2317 570 2338 dal
578 2317 665 2346 copim
675 2318 795 2346 aggiunte
805 2319 830 2342 in
843 2319 962 2348 margine,
971 2319 1029 2342 dove
1038 2318 1112 2348 ripere·
1123 2325 1184 2347 pure
1197 2318 1274 2342 omnin
1283 2319 1325 2341 che
1333 2325 1407 2342 ama
1415 2318 1462 2348 gisi
1468 2318 1553 2341 aerim

366 2356 404 2376 nel
424 2358 532 2378 contexto.

402 2459 443 2494 (1)
462 2460 509 2495 Ep.
528 2461 571 2488 cit.
591 2470 615 2497 p.
634 2461 677 2495 64,
691 2471 716 2490 v,
735 2470 759 2495 4.
975 2464 1016 2499 (2)
1038 2462 1080 2490 Cf.
1093 2471 1134 2498 ep.
1147 2471 1168 2490 11
1178 2462 1205 2490 di
1215 2469 1311 2498 questo
1321 2463 1398 2496 libro,
1410 2472 1436 2499 p.
1450 2470 1482 2490 ιι
1491 2470 1550 2498 sgg.
