1682 2762
106 414 153 438 che,
163 413 262 441 prudente
271 419 320 440 qm-

106 440 126 460 le
136 441 156 465 ὲ,
166 447 208 460 non
217 441 259 467 pub
271 446 319 460 aver

105 473 241 514 32⁸:ss
250 466 319 513 «ΕΞ

106 525 160 541 uto.

133 586 206 633 Vegqn
228 585 318 606 Rubeno

106 613 126 633 di
135 619 177 633 non
196 613 278 633 mimi
288 612 318 632 in-

107 640 167 660 dun-e
193 639 218 659 dn
245 639 317 659 cuttivi

107 666 195 693 consigll
210 666 236 686 nd
250 665 316 686 aioni

106 692 231 713 biuimevoii
254 698 266 712 e
291 692 318 712 ri-

106 719 164 740 cordi
179 723 255 746 quanto
265 719 317 745 peri-

105 746 177 766 colum
185 747 217 766 :ia
224 745 317 765 offender

105 773 113 793 i
126 773 180 794 nervi
194 772 214 793 di
228 772 282 797 Dio;

106 938 165 952 come
179 931 232 952 fecer
241 931 317 956 Smne,

105 958 185 985 Filippo
209 958 223 978 il
250 958 317 982 Bello,

106 985 176 1005 Pederi
191 992 204 1005 o
237 985 289 1005 rimo
306 991 317 1004 e

106 992 203 1035 secundis.
231 1011 317 1032 anfredo

105 1045 116 1058 e
123 1038 184 1059 Cnrlo
189 1038 209 1058 di
215 1038 317 1060 Durnzo.

144 1172 245 1204 Depongn
265 1172 317 1192 dun-

105 1199 170 1245 :1³:12
177 1203 266 1226 rugum:
275 1200 317 1219 col-

104 1465 197 1506 i.8‹3‘1'2{⁸
207 1457 316 1512 3:¹32&

104 1519 137 1532 ser
144 1512 228 1532 Simone
238 1512 266 1539 gli
274 1512 317 1531 dira

104 1539 130 1560 da
143 1544 200 1566 parte
214 1545 259 1560 sua.

351 284 414 318 154
768 279 1113 308 EPisrotmuo

347 406 613 445 moderationem,
630 416 696 438 non
716 405 807 438 facile
827 404 1013 438 crediderim
1037 405 1143 448 ipsum
1162 404 1221 438 sub
1241 405 1349 438 colore
1365 405 1475 439 calculi
1492 417 1541 439 re-

346 464 485 509 petendi,
510 463 598 508 quod
623 472 733 496 contra
756 464 832 496 iuris
861 462 1007 496 ordinem
1034 471 1091 504 est,
1121 463 1340 507 incipiendum
1370 475 1388 496 a
1411 473 1540 508 captura

346 521 520 555 decrevisse
526 534 535 562 ;
552 521 659 555 necin
678 521 730 555 tali
749 532 796 561 re,
813 520 900 565 quod
919 521 951 554 in
968 520 1087 553 ultimis
1112 529 1144 554 et
1162 520 1255 554 rebus
1275 520 1447 565 desperatis
1464 532 1542 555 con-

346 591 471 613 cessum
490 588 547 619 est,
568 578 754 623 implorasse
770 578 935 612 brachium
951 578 1102 612 seculare.
1149 590 1238 620 cave,
1263 578 1395 613 domine
1418 579 1474 620 mi,
1498 591 1540 613 ne

344 648 489 682 perversa
512 637 691 681 blandaque
715 637 847 671 consilia
874 648 914 670 eo
933 646 964 670 te
982 637 1170 680 precipitent
1188 637 1241 670 vel
1258 638 1323 670 iam
1335 638 1540 682 precipitave-

344 697 417 736 rint,
434 695 494 728 nisi
509 695 572 728 cito
587 695 715 736 resilias,
729 695 783 728 ubi
801 704 874 729 curn
887 694 1070 739 temporalis
1084 693 1214 728 infamie
1238 705 1315 728 nota
1339 695 1540 740 spiritualiter

344 754 452 786 Deum
469 752 650 793 offenderis,
667 764 734 786 non
753 752 886 786 faciliter
901 751 1132 793 absolvendus3
1152 761 1383 797 mementoque
1401 752 1540 797 plurima

343 811 434 855 signa
450 812 558 845 Deum
572 810 696 844 dedisse
710 819 865 855 quantum
882 810 941 844 sibi
954 810 1115 855 displiceat
1129 809 1280 844 dominos
1296 810 1383 845 abuti
1394 811 1540 856 potentia

343 869 486 909 seculari,
514 868 674 902 iniciendo
703 880 818 902 manus
845 869 877 902 in
909 868 1090 902 sacerdotes
1118 877 1149 902 et
1180 868 1313 902 christos
1344 880 1430 902 suos.
1476 869 1540 902 sint

345 927 530 971 exemplum
547 926 604 960 tibi
622 927 697 961 Saul
717 937 749 960 et
767 926 930 971 Philippus
948 927 1145 960 Francorum
1161 938 1226 968 reX,
1243 927 1298 971 qui
1311 938 1369 972 per
1383 927 1539 961 Sciarram

345 985 601 1019 Columnensem
630 984 833 1019 Bonifacium
863 991 1015 1018 octavum
1046 983 1193 1026 offendit3
1220 993 1261 1026 et,
1286 993 1321 1018 ut
1344 984 1540 1026 Fredericos,

346 1042 550 1077 Manfredum
567 1052 598 1076 et
614 1043 692 1077 alios
711 1043 831 1076 multos
847 1043 1006 1083 omittam,
1023 1043 1188 1076 considera
1205 1042 1358 1076 Karolum
1376 1051 1541 1085 nostrum,

344 1101 398 1145 qui
413 1110 583 1146 postquam
597 1101 691 1134 simili
713 1113 816 1135 errore
836 1102 1027 1145 presumpsit
1041 1102 1074 1134 in
1091 1101 1270 1143 Urbanum,
1288 1110 1402 1135 cuncta
1416 1101 1476 1135 sibi
1490 1113 1540 1135 re-

344 1167 481 1192 trorsum
501 1168 532 1192 et
550 1158 716 1192 infeliciter
733 1171 913 1193 successere
926 1159 971 1192 (¹).
1018 1170 1084 1204 quo
1099 1168 1130 1192 te
1142 1170 1198 1203 per
1210 1160 1271 1193 Dei
1284 1159 1496 1193 reverentiam
1507 1169 1540 1194 et

344 1217 560 1261 aspersionem
577 1218 740 1261 sanguinis
757 1219 828 1251 Iesu
843 1217 975 1258 Christi,
987 1217 1120 1251 domine
1139 1218 1197 1258 mi,
1214 1217 1367 1262 deprecor
1380 1227 1412 1251 et
1426 1229 1538 1259 exoro,

344 1280 499 1315 quatenus
523 1271 585 1305 hoc
609 1271 807 1316 derelinquas
830 1273 993 1316 inceptum
1019 1283 1078 1305 nec
1101 1273 1302 1316 propositum
1333 1283 1458 1316 urgeas,
1481 1271 1538 1306 sed

343 1329 506 1370 immutes,
526 1330 693 1374 cogitaque
708 1339 816 1364 tecum
834 1331 878 1363 sic
895 1331 1003 1364 Deum
1022 1339 1149 1364 nostros
1169 1329 1301 1364 tolerare
1320 1339 1435 1371 reatuS,
1451 1329 1539 1375 quod

343 1387 395 1421 vel
412 1388 643 1421 correctionem
663 1397 844 1432 expectasse
857 1388 908 1421 vel
928 1388 1093 1432 aggravari
1113 1397 1281 1432 peccatum
1299 1388 1480 1432 permisisse
1495 1387 1539 1422 ad

344 1457 425 1490 pene
454 1446 618 1480 cumulum
649 1446 803 1480 videatur.
849 1446 939 1491 plura
967 1454 999 1479 et
1028 1445 1170 1490 pluribus
1199 1446 1382 1486 scriberem,
1405 1446 1466 1480 nisi
1488 1457 1540 1480 ser

345 1504 470 1544 Simon,
490 1504 571 1538 lator
588 1505 794 1548 presentium,
814 1504 940 1549 plenius
962 1503 1019 1538 tibi
1042 1505 1125 1538 foret
1148 1503 1187 1538 de
1211 1504 1343 1538 materia
1362 1504 1537 1546 locuturus,

344 1562 395 1595 cui
419 1562 538 1595 credito
557 1571 709 1606 tanquam
725 1562 823 1596 michi
837 1562 881 1596 (²).
928 1571 959 1596 et
977 1571 1103 1606 sperato
1124 1563 1232 1597 Deum
1252 1573 1431 1596 memorem
1450 1561 1536 1596 fandi

343 1629 436 1664 atque
471 1619 599 1654 nefandi
611 1619 655 1653 (³).
710 1620 789 1654 vale.
840 1620 1012 1662 Florentie,
1050 1620 1270 1654 decimosexto
1303 1620 1430 1654 kalend.
1466 1631 1537 1665 sep-

342 1677 484 1719 tembris,
507 1690 605 1711 manu
621 1678 759 1723 propria,
778 1677 973 1712 festinanter.

1345 1769 1371 1789 4.
1382 1761 1413 1784 Ra·
1419 1761 1537 1792 implume

541 1808 563 1831 9.
575 1801 605 1824 R¹
621 1803 682 1831 dopo
696 1802 792 1825 christos
806 1802 867 1826 davo
881 1802 937 1831 Dei,
952 1802 1036 1831 chesn
1049 1804 1147 1831 “punto
1163 1802 1205 1824 dal
1217 1802 1309 1831 copma
1316 1804 1400 1830 stesso,
1407 1808 1447 1824 na
1455 1802 1498 1824 che
1507 1802 1539 1824 Rn·

340 1841 472 1870 riproduce.
501 1841 530 1864 1³1
537 1842 568 1864 Ri
576 1841 605 1864 sit
655 1849 687 1864 ιι.
696 1841 730 1865 ΝΥ
741 1842 881 1865 Bonefatium
891 1842 974 1866 offeud.
982 1846 1028 1865 oct.
1081 1849 1113 1866 ia.
1120 1842 1151 1864 Ri
1158 1842 1288 1865 Manfredos
1341 1848 1377 1871 ¹3-
1386 1842 1441 1864 Cot}
1452 1842 1464 1864 Ι
1469 1841 1535 1864 coda.

339 1888 353 1903 e
362 1882 405 1909 R1‚-
418 1888 455 1903 ma
466 1882 490 1903 la
499 1882 601 1904 simassi
608 1888 699 1904 manca.
758 1881 829 1911 ¹5.R¹
840 1881 980 1910 apen-sionem
1008 1881 1042 1904 N‘
1052 1882 1084 1904 mi
1094 1882 1154 1904 dom.
1212 1888 1249 1910 ¹7·
1258 1881 1288 1904 R¹
1299 1873 1373 1904 rent&
1429 1888 1461 1910 ¹9<
1469 1880 1499 1904 1³¹
1507 1881 1538 1904 ki

337 1927 433 1951 pongon
443 1928 456 1943 a
465 1922 562 1950 dinanzi
569 1928 584 1944 a
595 1921 674 1951 plurib.
709 1920 741 1944 R¹
750 1922 781 1944 Ru·
789 1924 891 1944 ometton
902 1921 945 1944 nisi
1002 1928 1074 1951 19-20.
1085 1922 1117 1944 Ri
1125 1928 1200 1951 segna
1209 1922 1296 1944 lacuna
1310 1923 1337 1944 a!
1345 1923 1414 1950 poeto
1423 1921 1450 1943 dt·
1456 1927 1492 1943 ser
1501 1921 1537 1944 Si-

338 1968 391 1984 mon
402 1968 417 1984 a
426 1962 467 1984 cui
472 1968 574 1991 prepone
585 1969 616 1984 un
626 1962 664 1984 sed
719 1968 755 1985 ao.
767 1961 800 1984 N¹
811 1969 869 1991 pres.
878 1963 917 1985 lat.
972 1968 1045 1985 21-22.
1056 1961 1087 1984 R¹
1100 1962 1129 1984 Rs·
1137 1964 1254 1984 omettono
1265 1961 1327 1984 rand!
1335 1965 1405 1991 atque
1413 1968 1428 1984 e
1433 1962 1478 1991 μοι·
1486 1961 1536 1984 vale

339 2008 375 2031 23.
387 2000 420 2024 N¹
430 2004 515 2024 omette
524 2008 591 2024 manu
601 2008 635 2030 pr.
645 2002 696 2024 fest.

397 1768 441 1785 1-2.
452 1760 483 1784 R¹
492 1761 523 1784 R²
531 1762 562 1784 Ri
574 1766 642 1790 repet.
654 1763 711 1784 calc.
766 1769 788 1791 3.
796 1762 826 1784 Rs·
832 1768 876 1792 per
887 1762 948 1791 quod
955 1768 1018 1791 pone
1028 1761 1120 1790 quando
1156 1760 1187 1784 R¹
1198 1761 1291 1784 ultimus

342 1800 375 1824 N¹
385 1801 415 1823 mi
425 1802 486 1825 dom.

994 2068 1036 2103 (3)
1046 2067 1126 2095 Delle
1136 2067 1260 2095 violenze
1268 2067 1407 2094 esercitate
1417 2075 1433 2093 a
1443 2066 1534 2094 danno

959 2110 1098 2137 dell’abate
1114 2118 1129 2137 e
1142 2109 1186 2137 del
1201 2115 1336 2136 convento
1349 2110 1375 2136 di
1388 2110 1476 2145 Poppi
1487 2117 1535 2145 par

958 2153 980 2179 si
999 2152 1116 2188 pentisse
1135 2151 1206 2179 suno
1234 2157 1336 2179 sti-emo
1361 2151 1388 2178 di
1412 2159 1460 2178 sua
1478 2152 1534 2178 vita

958 2195 1094 2228 Robert03
1113 2194 1234 2230 giacche,
1253 2202 1331 2220 come
1345 2193 1499 2220 testimonia
1513 2193 1534 2220 il

957 2238 1099 2270 Passerini,
1119 2237 1143 2264 ei
1162 2237 1224 2272 lego
1243 2236 1290 2263 nel
1302 2245 1352 2264 suo
1366 2242 1531 2263 testamento

955 2280 1251 2316 trecentoventicinque
1280 2279 1368 2306 fiorini
1397 2278 1424 2305 d’
1431 2287 1481 2306 oro
1515 2287 1530 2306 a

955 2323 1017 2358 que’
1033 2323 1140 2349 monaci
1160 2322 1201 2349 col
1228 2327 1301 2357 patto
1319 2321 1378 2354 che,
1395 2320 1530 2348 innalzato

955 2363 984 2390 in
1004 2363 1031 2391 S.
1051 2363 1148 2390 Fedele
1163 2371 1199 2390 un
1216 2362 1308 2395 altare,
1320 2361 1498 2389 dedicandolo
1514 2370 1531 2397 ².

955 2406 1023 2432 sant'
1038 2405 1168 2438 Antonio,
1187 2405 1213 2431 vi
1241 2404 1424 2431 celebrassem
1443 2404 1530 2439 quoti-

955 2447 1126 2474 dianamente
1142 2446 1167 2473 la
1187 2454 1285 2473 messa.

338 2068 439 2104 reggio,
451 2068 501 2095 che
518 2069 541 2094 ci
555 2077 605 2095 son
621 2069 706 2104 giunti
719 2068 764 2095 nel
774 2068 819 2104 gia
832 2069 913 2096 citato

338 2110 432 2136 codice
447 2110 572 2146 Magliab.
585 2110 657 2142 V111,
672 2111 747 2145 1487.
778 2110 800 2136 E
809 2110 881 2137 forse
894 2110 914 2137 il

338 2160 439 2179 messer
451 2152 537 2179 Paolo
551 2152 596 2188 qui
609 2158 791 2179 rammentato
807 2161 853 2179 era
868 2161 913 2188 ap·

336 2200 421 2229 punto
439 2203 476 2221 un
495 2194 523 2221 di
541 2195 634 2230 questi.

372 2236 414 2271 (1)
434 2236 534 2263 Allude
547 2246 562 2263 a
576 2237 659 2264 Carlo
671 2237 696 2264 di
707 2237 829 2264 Durazzo
840 2237 872 2264 ed
886 2238 910 2264 ai

336 2277 395 2304 suoi
405 2278 540 2304 notissimi
551 2280 679 2305 contrasti
686 2287 737 2305 con
746 2279 857 2306 Urbano
863 2278 910 2312 VI,

336 2319 369 2346 da
383 2319 420 2346 lui
433 2320 565 2347 assediato
578 2321 622 2347 nel
639 2321 702 2356 1385
717 2321 745 2348 in
758 2321 874 2348 Nocera.

371 2362 413 2396 (2)
433 2362 478 2389 Un
497 2363 590 2390 notaio
610 2362 754 2391 florentino
774 2363 836 2397 che,
848 2372 910 2399 pro-

335 2403 507 2438 babilmente,
527 2413 570 2431 era
590 2405 736 2440 impiegato
755 2405 828 2432 nella
848 2414 909 2432 cau·

336 2444 451 2472 celleria.

1571 934 1610 958 10

1570 1223 1607 1256 15

1565 1516 1608 1540 20
