1708 2774
120 653 183 680 S'egli
197 659 242 672 nmn
255 658 302 672 one-

95 685 202 703 sumente,

97 829 139 843 non
158 825 253 848 permen·
266 819 301 839 che

111 849 125 869 li
139 848 184 868 altri
198 847 280 874 pensino
291 852 302 865 e

109 877 166 895 icano
186 875 200 894 il
223 878 302 894 contra-

97 903 135 923 rio.

119 1040 152 1060 u·
159 1046 180 1060 se
189 1039 208 1059 ln
217 1045 253 1059 nu
259 1044 302 1065 pu-

95 1068 151 1088 sione
165 1073 205 1086 non
219 1067 230 1085 ὲ
239 1069 302 1084 mnte-

95 1093 151 1117 fiale,
166 1099 210 1112 eun
217 1092 243 1112 h·
253 1092 302 1118 ρει-ὸ

95 1127 131 1148 per
137 1120 231 1140 obbietto
241 1118 254 1138 il
262 1118 303 1145 pi·-

95 1154 145 1168 cere.

122 1186 180 1206 Tutti
188 1185 216 1213 gli
225 1185 304 1206 nomini

97 1214 199 1234 ric-eremo
220 1211 304 1238 qualche

98 1240 176 1264 diletto,
195 1239 238 1266 egli
251 1238 304 1262 ὤσῃ

99 1454 121 1474 io
135 1453 164 1472 mi
185 1452 307 1479 compinuio

99 1480 120 1500 in
131 1479 267 1506 quen'nmore
276 1478 306 1499 in-

100 1511 195 1526 nocente.

122 1567 155 1588 Mn
162 1569 168 1588 ἰ
175 1567 247 1592 dileni,
255 1567 307 1588 ch'ei

100 1595 185 1627 ricorda.
198 1601 242 1627 ¹uon
255 1601 306 1614 :ono

100 1626 211 1646 innocenti,

103 2105 142 2119 ove
165 2099 182 2119 ti
198 2099 310 2119 eecetmino

103 2125 249 2152 l'ngricolturn,
263 2132 311 2146 oue-

104 2157 136 2172 st·
153 2152 280 2179 professione
299 2159 310 2172 e

104 2179 170 2206 degn:
191 2179 268 2200 d'uom
288 2178 310 2199 li-

103 2205 162 2230 herm

748 273 1089 306 EPISTOLARIO

333 288 371 320 14

328 409 414 443 liebri
438 416 534 446 veste,
556 404 752 448 corrupisset,
780 410 973 441 accusatum,
997 410 1031 432 se
1055 397 1154 432 nichil
1177 404 1379 440 compertum
1403 393 1520 427 habere

328 466 481 511 deposuit.
529 474 560 497 et
578 464 786 505 interrogatus
810 471 906 504 quare
929 470 1001 492 eam
1024 455 1236 501 repudiasset3
1260 454 1354 487 huius
1371 453 1458 486 enim
1474 452 1520 486 rei

328 524 499 567 suspitione
511 521 548 555 ab
561 522 625 565 ipsa
642 519 822 558 diverterat3
841 515 1020 561 respondit:
1030 516 1105 559 quia
1118 524 1194 547 suos
1206 511 1358 546 iudicaret
1372 519 1520 555 oportere

328 592 392 616 tam
406 581 578 624 suspitione
593 589 694 612 carere
706 588 803 621 quarn
817 575 950 609 crimine
963 575 1007 607 (¹).
1045 582 1080 607 tu
1093 582 1202 606 autem
1217 570 1298 604 adeo
1314 571 1361 604 tui
1375 579 1520 613 compos,

330 652 424 673 sanus
440 647 471 672 et
486 637 608 681 sapiens
625 648 669 676 es,
689 635 775 680 quod
793 636 853 668 ista
876 644 943 666 non
964 642 1072 672 curas;
1097 641 1235 674 cumque
1250 640 1320 662 rem
1339 628 1522 666 honestam,

330 707 363 731 ut
387 697 506 736 asseris,
524 707 622 735 ames,
642 705 728 727 ames
753 692 900 736 equidem
921 691 1042 724 sincere
1066 698 1098 723 et
1120 688 1274 727 virtuose,
1298 686 1344 720 sic
1368 696 1468 725 amaS,
1489 693 1524 719 ut

330 765 360 789 te
382 762 492 799 putent
513 763 635 793 omneS,
656 752 718 785 hoc
742 759 788 784 est
811 750 937 794 vulgus,
961 747 1049 792 quod
1073 745 1197 791 pridem
1221 746 1421 789 scripseram,
1439 744 1523 777 insa-

329 814 404 853 nire,
429 824 486 845 nec
510 812 550 845 sit
572 810 659 855 quod
683 809 720 842 ab
744 809 802 842 hac
827 807 978 852 opinione
1002 815 1187 850 quenquam
1212 803 1360 847 excipias.
1408 812 1524 835 omnes

329 872 416 905 enim
439 869 524 903 idem
553 869 702 908 sentiunt,
722 867 836 911 pariter
863 865 1012 899 mordent
1035 864 1215 908 pariterque
1242 861 1408 902 derident3
1435 859 1524 894 blan·

329 928 433 968 diaris,
450 927 532 967 licet,
547 926 601 959 tibi
621 936 724 958 amare
747 935 817 957 rem
841 923 1009 956 honestam
1029 931 1125 966 teque
1138 931 1245 954 amare
1258 919 1395 953 honeste
1411 927 1444 952 et
1462 917 1525 951 vir·

329 995 429 1026 tuose,
450 996 563 1018 omnes
586 993 693 1017 autem
716 982 825 1016 dicunt
853 990 885 1014 et
907 980 1049 1014 sentiunt
1079 988 1111 1012 te
1134 989 1203 1012 rem
1229 977 1374 1022 pulcram
1406 986 1525 1016 amare,

330 1044 490 1087 multaque
514 1053 587 1076 cum
606 1041 734 1075 levitate
757 1040 875 1074 mentis
898 1049 929 1073 et
944 1049 1074 1072 morum
1093 1037 1223 1070 lascivia
1237 1047 1355 1069 amare.
1402 1044 1434 1068 et
1451 1034 1526 1068 licet

331 1102 369 1135 ad
392 1100 554 1134 libidinem
577 1111 686 1143 neges,
707 1109 824 1142 negare
847 1107 957 1131 tamen
977 1107 1044 1129 non
1063 1104 1155 1139 potes
1173 1094 1252 1138 quin
1271 1104 1362 1127 ames
1376 1092 1417 1126 ad
1433 1091 1526 1126 volu-

330 1168 459 1204 ptatem.
506 1157 582 1192 dicis
602 1157 704 1190 enirn:
729 1167 843 1190 omnes
867 1154 1018 1188 mortales
1041 1154 1074 1186 in
1098 1164 1216 1198 genere
1241 1150 1383 1196 aliquod,
1406 1159 1442 1184 ut
1464 1150 1527 1184 tuis

332 1227 400 1251 utar
417 1216 531 1257 verbis,
549 1215 722 1249 honestum
742 1214 892 1248 solatium
909 1213 1064 1257 deligunt,
1082 1222 1195 1245 eorum
1214 1209 1384 1244 conforme
1396 1208 1527 1250 naturis,

332 1286 367 1309 ut
387 1276 467 1308 inter
484 1274 705 1307 fluctuationes
724 1272 822 1306 seculi
851 1282 925 1305 cum
949 1271 1054 1315 aliqua
1073 1269 1272 1303 exultatione
1291 1266 1469 1313 procedant
1490 1277 1528 1300 ac

333 1334 371 1367 ab
395 1333 509 1367 animis
532 1332 663 1366 adversa
694 1330 861 1375 depellant.
909 1329 1036 1370 deinde,
1064 1328 1260 1362 enumeratis
1283 1326 1370 1367 aleis,
1394 1325 1528 1367 scachis,

333 1391 420 1431 ludo,
439 1391 539 1434 equis,
561 1388 741 1429 hastiludio,
757 1388 951 1428 armilustris,
968 1388 1154 1427 venatione,
1170 1385 1320 1430 aucupi0‚
1338 1383 1528 1428 piscatione,

335 1449 481 1494 tripudio,
499 1447 640 1481 cantibus
660 1456 691 1480 et
712 1446 914 1491 agricultura,
933 1445 972 1479 de
998 1454 1029 1478 te
1048 1443 1174 1478 subdis:
1200 1454 1264 1488 ego
1288 1451 1393 1476 cetera
1416 1441 1530 1476 solatia

334 1507 436 1551 sprevi
460 1515 561 1551 preter
584 1505 669 1539 hunc
693 1514 800 1539 actum
823 1504 940 1538 amoris
963 1503 1158 1537 serenissimi
1192 1511 1224 1536 et
1252 1500 1461 1535 immaculati.
1508 1511 1530 1534 o

335 1565 452 1599 bellum
475 1565 680 1598 honestatum
703 1562 980 1597 enumeratorem!
1027 1572 1106 1606 ergo
1129 1560 1224 1595 ludus
1244 1569 1276 1594 et
1300 1559 1369 1593 alea
1393 1559 1530 1593 honeste

333 1624 539 1657 recreationes
563 1622 659 1655 sunt?
703 1633 780 1665 ergo
804 1620 955 1665 congredi
980 1621 1066 1654 viros
1090 1619 1232 1653 hastatos
1255 1617 1428 1661 tricuspide
1446 1616 1531 1651 fetro

335 1681 373 1716 de
389 1692 484 1725 seque
500 1680 713 1725 spectaculum
736 1679 838 1713 facere
858 1687 890 1712 et
910 1677 949 1712 ad
968 1678 1101 1712 inanem
1115 1677 1253 1722 gloriam
1268 1685 1431 1710 ostentare
1446 1675 1531 1709 vires

335 1749 367 1774 et
398 1739 463 1773 fato
498 1750 660 1772 occurrere
698 1749 769 1778 suo,
806 1737 978 1771 honestum
1016 1745 1120 1781 putas,
1158 1735 1335 1769 honestum
1373 1733 1532 1781 ducis·.et

335 1797 453 1832 vocas?
507 1796 630 1837 falleris,
657 1797 701 1829 mi
725 1796 915 1840 Peregrine;
939 1795 998 1828 hec
1021 1795 1109 1828 enim
1138 1793 1261 1827 nedum
1289 1804 1358 1826 non
1380 1792 1529 1834 honesta,

335 1855 391 1890 sed
413 1856 514 1900 turpia
537 1864 619 1889 sunt.
665 1866 738 1888 narn
762 1853 840 1898 quid
863 1853 903 1887 de
929 1862 1060 1894 venatu,
1085 1853 1232 1897 aucupio,
1253 1852 1430 1897 piscatione
1452 1849 1534 1885 refe-

336 1915 430 1948 ram?
473 1915 499 1947 si
523 1926 559 1947 ea
582 1913 759 1957 diriguntur
782 1912 821 1946 ad
844 1922 1004 1956 questum,
1025 1911 1153 1945 sordida
1171 1920 1263 1952 sunt;
1282 1910 1309 1944 si
1325 1910 1365 1944 ad
1383 1909 1534 1955 gloriam,

337 1983 432 2013 vana3
456 1973 482 2006 si
505 1971 544 2005 ad
567 1971 820 2012 delectationem,
840 1970 1019 2015 sumptibus
1043 1969 1156 2014 plena;
1179 1969 1205 2003 si
1230 1968 1270 2002 ad
1289 1968 1532 2008 recreationem,

337 2030 444 2063 nimiis
459 2029 614 2063 laboribus
626 2029 778 2062 involuta.
825 2040 901 2062 nam
921 2028 1061 2062 exercitii
1077 2028 1190 2072 gratia,
1201 2028 1228 2061 si
1242 2026 1422 2061 moderatio
1441 2025 1534 2067 adsit,

337 2099 404 2121 non
423 2087 553 2121 arbitror
566 2087 751 2121 inhonesta:
771 2087 994 2131 agriculturam
1015 2096 1134 2127 autern,
1154 2095 1191 2120 ut
1205 2094 1339 2119 testatur
1356 2085 1471 2118 Cicero
1486 2083 1534 2125 (²),

338 2155 368 2179 et
391 2145 646 2179 honestissimam
669 2154 701 2178 et
723 2144 822 2178 libero
846 2144 978 2178 homine
998 2143 1131 2189 dignam
1147 2143 1265 2178 iudico.
1312 2143 1401 2188 quod
1425 2151 1534 2176 autem

338 2213 447 2238 cantus
465 2212 496 2237 et
518 2203 652 2247 tripudia
674 2203 756 2236 inter
773 2202 909 2236 honesta
925 2213 1149 2244 connumeras,
1166 2202 1193 2235 si
1213 2201 1253 2236 ad
1272 2201 1465 2246 religionem
1484 2212 1534 2234 re-

394 2311 415 2333 6.
431 2311 485 2334 Cod.
500 2312 559 2340 dopo
573 2311 604 2333 sic
619 2310 650 2333 dd
664 2312 692 2334 di
703 2317 778 2334 nuovo
791 2317 853 2334 ames
921 2317 960 2338 ²4·
975 2311 1031 2333 Cod.
1047 2310 1108 2333 facto

376 2405 416 2440 (ι)
436 2404 478 2432 Cf.
498 2405 623 2433 Suerou.
638 2405 670 2433 C.
683 2405 748 2433 Iul.
768 2405 906 2438 Caesar,
926 2405 1048 2432 LXXIV.

361 2447 419 2482 ¹(2)
437 2447 498 2474 Cic.
518 2448 557 2475 De
575 2448 635 2483 offic.
654 2448 675 2481 1,
694 2456 762 2480 χιιι,
783 2456 842 2482 151.

1556 926 1596 951 10

1558 1199 1638 1252 15·

1559 1799 1600 1833 25

1562 2091 1604 2125 3⁰
