1682 2762
130 356 193 377 Nun-
204 357 215 376 ὲ
224 357 319 383 adunque

105 385 126 405 in
141 389 186 404 nto
201 384 239 404 che
253 384 275 404 in
289 383 319 403 di-

104 412 223 439 aposizioue
251 411 319 438 prim·

105 446 148 460 non
162 439 201 462 nia,

106 599 118 613 e
129 593 162 614 εἱὸ
176 593 213 612 dee
227 592 275 612 dini
285 599 320 612 an-

107 620 213 647 :haden-
232 619 318 640 nobilia.

136 890 218 910 Benche
233 888 301 909 inf-ni
311 895 323 908 ι

109 917 198 937 necondn
209 916 263 936 delle
273 921 323 943 ope-

109 944 187 964 nzioni
219 943 266 963 loro
295 942 323 970 gli

109 970 189 991 nomini
198 977 237 990 ven
253 977 278 990 ιιι
287 976 323 989 no-

110 998 145 1018 bili
154 1005 167 1018 ο
175 997 263 1025 ignobili
270 998 324 1018 chim-

110 1027 168 1051 mati,
198 1026 218 1046 1-
246 1025 325 1045 nobilia

110 1061 162 1080 ucm⁴
173 1053 266 1074 contine
281 1052 325 1072 nel-

111 1082 130 1103 le
144 1080 263 1109 openzioni
274 1084 325 1100 ttu-

111 1116 139 1134 u,
163 1115 196 1128 mn
217 1107 273 1127 nella
296 1107 325 1126 di-

111 1143 120 1157 ι
135 1136 217 1156 οείτίοο
224 1133 325 1158 mnu-le,

111 1170 122 1184 e
137 1170 148 1183 e
159 1164 170 1183 ὲ
181 1163 275 1182 inei-ente
285 1160 326 1181 alle

113 1197 161 1211 cose
177 1189 243 1210 mehe
262 1195 326 1216 quau-

112 1219 139 1238 do
161 1223 203 1237 non
225 1216 283 1236 siano
305 1215 326 1235 in

113 1249 159 1265 utto
179 1244 277 1264 trudone.
297 1242 327 1263 La

113 1271 194 1292 nobilia
204 1270 257 1291 den-
271 1270 326 1290 virtu

113 1300 186 1319 inveee
235 1297 326 1318 con-iste

114 1333 175 1347 senza
192 1325 268 1346 dubbio
283 1323 327 1344 nel-

113 1353 219 1378 l'nzloue5
233 1359 244 1372 e
263 1351 299 1379 qui
312 1350 328 1371 u

113 1380 202 1401 Bandini
235 1380 262 1400 ha
297 1384 328 1398 ra-

114 1408 190 1435 gione;

115 1537 149 1552 ma
166 1537 177 1551 e
193 1530 207 1550 li
222 1530 249 1550 h·
262 1534 328 1554 torto,

115 1565 170 1586 qunu
184 1564 198 1578 0
219 1564 262 1578 non
287 1563 329 1577 flm-

116 1590 180 1606 mette
193 1585 229 1605 che
251 1584 270 1605 la
291 1591 329 1605 no-

116 1612 167 1633 bilta
181 1618 244 1632 nuc·
255 1618 276 1632 ιι·
288 1618 330 1632 non

117 1639 172 1660 dana
186 1640 248 1661 virtu.

346 217 412 259 650
772 221 1120 250 EPISTOLARIO

348 350 440 383 sistit.
488 348 587 382 nichil
607 349 695 382 enim
716 357 764 382 est
783 348 816 381 in
833 359 929 392 opere
948 346 1036 392 quod
1061 358 1128 380 non
1153 346 1247 381 fuerit
1265 347 1299 381 in
1323 346 1555 391 dispositione;

348 409 543 453 proprietate
567 407 722 452 temporis
746 406 798 441 vel
821 415 934 440 nature
966 405 1142 450 precedunt
1165 405 1253 440 enim
1283 416 1419 439 omnem
1447 414 1555 439 actum

349 466 475 511 agentis
498 466 655 510 potentia,
679 464 832 510 quodque
856 465 1068 509 propinquius
1091 473 1150 505 est,
1167 464 1291 508 agentis
1306 473 1338 498 et
1351 463 1435 508 passi
1450 463 1557 508 dispo·

349 526 433 566 sitio,
455 535 585 558 necnon
610 533 642 558 et
665 524 750 558 actio
768 524 847 568 ipsa,
871 535 934 568 que
958 522 1104 557 medium
1128 531 1177 557 est
1199 523 1281 556 inter
1305 533 1435 556 causam
1459 531 1492 556 et
1509 521 1556 556 ef-

349 583 480 617 fectum.
541 593 615 616 cum
649 593 727 626 ergo
761 580 876 615 dicitur
898 580 986 626 quod
1011 580 1162 624 naturalis
1186 579 1336 614 nobilitas
1360 591 1428 614 non
1458 580 1500 614 sit
1522 580 1556 614 in

350 642 562 687 dispositione
594 640 675 674 adeo
699 640 816 674 falsum
841 649 890 674 est
912 639 1001 684 quod
1025 640 1094 674 siue
1115 639 1326 684 dispositione
1356 651 1423 674 non
1447 648 1558 685 posset

350 700 384 734 in
409 708 518 734 actum
537 699 635 740 exire,
660 710 735 732 cum
766 698 878 732 omnia
907 698 993 743 prius
1022 698 1086 732 sint
1110 698 1143 731 in
1167 697 1378 742 dispositione
1401 708 1501 742 quam
1523 697 1558 731 in

351 768 442 800 actu;
475 767 506 792 et
537 758 574 798 si,
606 769 680 792 cum
712 758 828 803 agitur,
853 768 952 802 agens
977 756 1028 790 vel
1058 757 1184 801 patiens
1214 755 1448 800 indisponatur,
1473 755 1558 790 actio

351 828 519 862 nunquam
545 816 741 850 destinatum
762 815 802 849 ad
826 814 977 849 effectum
1001 815 1167 860 perveniet
1183 827 1244 849 nec
1258 814 1292 848 id
1308 826 1453 860 unquam
1469 813 1559 860 quod

351 875 580 910 intendebatur
603 886 716 909 verum
741 875 801 908 erit
819 873 927 909 dicere
943 874 1064 908 factum
1085 885 1164 908 esse.
1213 886 1290 908 nam
1308 874 1437 908 tametsi
1451 873 1559 908 dicant

353 935 504 969 homines
529 945 547 967 a
565 933 769 979 qualitatibus
794 944 930 978 operum
953 945 1003 967 res
1018 932 1145 967 nobiles
1165 932 1219 967 vel
1237 932 1409 978 ignobiles,
1426 943 1496 967 non
1511 941 1560 967 est

353 995 386 1027 in
406 992 557 1038 operibus
576 1002 686 1026 tamen
711 1001 766 1026 aut
789 992 895 1036 operis
915 991 1068 1026 naturalis
1092 991 1153 1026 ista
1172 990 1333 1032 nobilitas,
1364 990 1422 1024 sed
1450 990 1559 1025 solum

353 1053 386 1086 in
408 1052 620 1097 dispositione
654 1060 778 1092 nature,
803 1063 866 1096 que
890 1050 1022 1096 quidem
1054 1050 1150 1085 rebus
1171 1051 1267 1091 inest,
1291 1050 1391 1084 etiam
1413 1050 1440 1084 si
1463 1049 1561 1084 nullis

355 1123 500 1156 unquam
527 1109 727 1156 temporibus
746 1119 931 1155 operentur.
978 1109 1129 1144 nobilitas
1149 1121 1226 1144 vero
1245 1109 1382 1150 virtutis,
1404 1108 1561 1154 quoniam

355 1170 455 1204 virtus
470 1170 504 1203 in
522 1170 649 1203 actione
666 1169 822 1210 consistit,
839 1169 872 1202 in
889 1169 1078 1213 operatione
1093 1169 1163 1202 sine
1183 1167 1383 1202 dubitatione
1399 1175 1561 1209 versatum

355 1238 387 1262 et
403 1228 442 1262 de
458 1229 517 1262 ista
531 1227 667 1262 firmiter
686 1237 740 1261 tue
764 1227 975 1272 procederent
998 1227 1150 1261 rationes.
1198 1236 1234 1260 ut
1247 1226 1337 1260 enim
1351 1225 1470 1271 inquis,
1485 1237 1562 1260 vere

355 1287 480 1321 virtutis
514 1287 598 1320 actio
627 1285 772 1320 nobilem
803 1285 910 1319 virum
942 1285 1027 1327 facit,
1057 1285 1225 1319 nobilitate
1255 1284 1377 1319 scilicet
1406 1284 1560 1318 virtuosa.

356 1345 509 1379 naturalis
540 1354 650 1379 autem
674 1344 842 1389 dispositio
875 1343 915 1378 ad
939 1344 1104 1385 virtutem,
1131 1343 1205 1378 licet
1235 1353 1271 1377 tu
1301 1354 1413 1388 neges,
1437 1341 1563 1376 nobiles

355 1404 460 1438 reddit
479 1404 551 1444 hos,
571 1403 688 1449 quibus
707 1404 800 1445 inest,
825 1402 991 1437 nobilitate
1018 1412 1149 1444 nature;
1172 1402 1261 1448 quod
1281 1402 1362 1443 vult,
1385 1411 1422 1436 ut
1444 1401 1562 1446 premi-

357 1463 470 1503 simus,
495 1463 630 1504 Seneca,
650 1461 719 1496 vult
743 1470 776 1496 et
794 1462 918 1496 Dantes
941 1462 975 1495 in
995 1473 1032 1495 ea
1052 1460 1092 1496 de
1115 1472 1179 1506 qua
1201 1462 1370 1506 scripseras
1393 1460 1561 1494 cantilena.

357 1523 472 1568 quibus
505 1522 724 1563 consideratis,
753 1531 833 1567 puto
865 1521 974 1556 videas
1005 1520 1188 1556 turbatione
1219 1532 1283 1566 qua
1319 1520 1430 1555 scribis
1461 1529 1493 1555 te
1521 1519 1564 1555 de

358 1582 525 1616 nobilitate
548 1582 582 1615 in
601 1581 803 1616 nobilitatem
823 1579 905 1614 adeo
929 1580 1130 1625 migravisse,
1149 1579 1239 1625 quod
1262 1591 1331 1614 non
1353 1578 1476 1613 iudices
1498 1588 1564 1613 no·

359 1640 524 1681 bilitatem,
548 1640 610 1674 nisi
634 1639 675 1674 de
698 1640 814 1674 virtute
838 1639 1038 1684 processerit,
1056 1649 1126 1673 esse
1149 1649 1245 1683 posse
1260 1638 1305 1672 (ι).
1351 1647 1564 1683 ςιιεωζατο-

413 1759 437 1782 9.
453 1753 519 1782 Depo
533 1751 637 1775 destinat.
652 1753 671 1775 il
683 1753 735 1775 cod.
750 1751 781 1774 dd
796 1755 819 1775 et
832 1753 875 1774 che
889 1752 920 1774 Ιιο
933 1758 1067 1782 suppresso.
1122 1758 1158 1774 21.
1173 1751 1231 1775 Cod.
1244 1751 1396 1774 turbationem
1409 1757 1478 1781 qum

397 1859 439 1893 (1)
460 1857 557 1884 Anche
577 1857 622 1884 nel
638 1858 704 1884 Fons
723 1857 798 1893 dopo
818 1865 882 1884 aver
901 1865 940 1884 as-

360 1901 445 1928 serito
466 1900 518 1927 che
538 1900 590 1927 due
610 1908 680 1927 sono
702 1900 711 1926 i
731 1900 824 1936 generi
849 1900 875 1926 di
894 1908 941 1927 uo-

360 1943 433 1976 bilta,
454 1943 480 1970 la
496 1953 511 1968 «
522 1942 651 1969 nobilitas
671 1942 812 1978 sanguinis
829 1948 876 1969 aut
895 1948 940 1977 ge-

986 1856 1158 1892 «quicquam
1178 1855 1338 1888 oesenciale,
1363 1854 1412 1882 sed
1434 1861 1477 1882 est
1501 1862 1566 1891 que-

987 1900 1075 1926 «dam
1089 1899 1206 1935 qualitas
1225 1904 1379 1926 connotans
1397 1898 1426 1925 in
1444 1897 1565 1925 subiecto

986 1953 1001 1967 α
1014 1942 1125 1978 aliquod
1144 1941 1282 1969 excellens
1293 1941 1406 1973 bonum,
1416 1949 1472 1977 quo
1484 1939 1566 1968 rebus

363 1986 460 2012 «neris
476 1995 490 2010 n
517 1994 532 2012 e
551 1984 577 2011 la
607 1994 622 2009 «
640 1984 765 2011 nobilitas
790 1984 898 2011 moralis
914 1994 939 2017 n,

361 2028 488 2055 venendo
502 2036 517 2054 a
531 2027 667 2054 discorrer
679 2026 705 2053 di
721 2033 826 2063 questa,
839 2026 858 2053 il
873 2026 940 2054 Ban-

361 2071 417 2098 dini
439 2070 542 2098 scrive:
561 2080 575 2095 «
589 2069 738 2097 Videamus
751 2078 824 2096 nunc
839 2078 892 2105 que
906 2069 941 2096 sit

364 2114 438 2140 «ista
457 2122 521 2140 vera
540 2113 666 2140 nobilitas
690 2112 811 2146 moralis,
833 2112 867 2139 de
886 2121 939 2148 qua

363 2167 376 2182 α
388 2157 540 2184 comuniter
550 2158 576 2183 in
591 2165 638 2183 ore
649 2157 775 2184 omnium
787 2164 878 2183 sermo
889 2163 938 2183 est.

362 2211 376 2225 «
387 2208 450 2226 vera
467 2199 578 2226 moralis
594 2199 722 2226 nobilitas
733 2207 794 2226 mea
810 2199 939 2235 opinione

362 2248 428 2270 «est
454 2251 538 2270 vera
565 2243 719 2269 virtutis
748 2242 846 2270 actio
873 2243 939 2269 vir-

362 2291 447 2312 utuo
458 2294 492 2312 sa
507 2296 531 2313 n.
569 2285 590 2312 E
609 2285 765 2312 chiudendo
781 2285 799 2312 il
819 2284 938 2320 capitolo

359 2327 488 2354 ribadisce
507 2327 533 2354 la
546 2336 593 2354 sua
603 2333 732 2354 sentenza
743 2329 814 2354 cosi:
831 2337 845 2352 α
859 2327 939 2354 Nunc

362 2381 376 2395 «
386 2379 419 2397 ex
447 2370 573 2397 omnibus
600 2371 649 2397 sub
677 2370 810 2397 brevitate
838 2369 938 2405 collige

360 2424 374 2439 «
386 2414 460 2450 quod
479 2414 605 2441 nobilitas
621 2422 677 2441 non
691 2414 756 2441 dicit
770 2414 798 2440 in
814 2413 938 2441 subiecto

987 1995 1001 2010 α
1013 1985 1074 2012 aliis
1093 1984 1255 2020 preren-amn
1274 1983 1346 2010 unde
1370 1982 1486 2010 inolevit
1503 1981 1566 2010 illos

986 2037 1000 2052 ι
1012 2027 1151 2063 appellare
1165 2026 1281 2058 nobiles,
1293 2026 1339 2062 qui
1352 2032 1416 2053 sunt
1428 2025 1565 2052 maiorum

987 2081 1001 2096 α
1013 2078 1126 2097 suorum
1139 2069 1258 2097 claritate
1271 2068 1428 2104 conspicui;
1436 2076 1494 2095 non
1506 2067 1566 2104 qui·

986 2123 1001 2138 α
1013 2113 1076 2140 dem
1092 2112 1253 2148 antiquitate
1267 2111 1418 2147 sanguinis,
1432 2110 1565 2146 quoniam

989 2166 1002 2180 «
1013 2163 1109 2182 omnes
1134 2153 1324 2182 descendimus
1344 2153 1378 2180 ab
1396 2153 1502 2185 Adam,
1517 2152 1566 2180 sed

986 2208 1000 2223 α
1013 2198 1125 2234 antiqua
1146 2196 1376 2224 denominacione
1387 2195 1503 2230 familie,
1512 2203 1566 2231 que

987 2249 1093 2267 «suum
1118 2248 1221 2267 nomen
1241 2239 1340 2266 virtute
1359 2238 1565 2274 progenitorum

988 2293 1002 2308 et
1013 2283 1096 2315 fama,
1104 2282 1200 2318 gloria,
1211 2281 1347 2317 potencia,
1355 2280 1530 2316 dignitatibus
1539 2284 1567 2307 et

987 2336 1000 2351 α
1013 2325 1118 2352 diviciis
1130 2325 1176 2352 diu
1189 2324 1326 2351 famosum
1341 2329 1488 2359 potueruut
1499 2331 1566 2350 con-

987 2377 1127 2396 «servare.
1165 2376 1228 2394 vera
1247 2373 1341 2394 tamen
1365 2366 1490 2393 nobilitas
1508 2373 1566 2392 non

987 2422 1001 2437 α
1012 2413 1040 2438 in
1059 2411 1230 2446 cognacione
1249 2409 1293 2436 vel
1313 2409 1455 2445 sunguine,
1471 2407 1520 2436 sed
1538 2407 1566 2434 in

1590 890 1630 914 10

1593 1184 1629 1217 15

1589 1477 1634 1502 20
