1696 2782
93 411 246 445 informendolo
267 411 303 431 che

92 438 302 492 &maiixx

94 494 203 513 lieemente
239 498 302 511 scam-

93 525 140 547 ΡΙῙΟ
143 535 147 539 .

119 700 143 720 Ι..’
153 699 238 720 nvrebbe
261 698 301 725 egli

94 727 203 747 medesimo
211 725 301 752 obbliga-

94 760 117 774 ιο
134 761 146 773 ι
164 759 260 776 scrivere,
279 758 301 771 se

94 779 145 800 delle
155 786 191 800 sue
202 779 300 799 condizio-

94 808 124 831 ni,
134 814 147 826 o
159 806 207 826 liete
217 813 230 826 o
240 805 301 829 tristi,

94 840 163 853 avesse
175 837 237 853 avuto
247 832 302 859 qual-

94 861 131 880 che
144 865 226 880 semote
237 866 243 883 ς

95 1052 136 1070 mn,
147 1051 261 1072 conumque
275 1044 304 1064 sin

96 1073 163 1096 dicio,
172 1078 207 1091 ora
214 1072 239 1091 ha
248 1076 305 1091 totto

95 1099 110 1119 il
119 1099 211 1119 silenzio.
240 1097 305 1118 Passi-

96 1132 122 1145 no
141 1125 221 1152 dunque
242 1125 305 1144 anche

96 1152 115 1172 le
129 1158 164 1172 sue
180 1158 245 1175 seuse,
261 1151 305 1171 seb-

98 1179 149 1199 bene
159 1177 305 1202 inattendibilh

97 1272 134 1292 che
142 1272 168 1291 ne
177 1272 184 1291 i
193 1271 257 1291 freddi
267 1270 308 1290 del-

99 1298 201 1319 l'inverno
207 1298 306 1323 inRom,

331 279 372 312 92
755 269 1091 298 EPISTOLARIO

328 403 389 436 tuis
411 410 510 435 status
534 399 702 443 contigerit
726 397 891 441 explicare.
946 406 1066 440 equum
1090 403 1157 428 erat
1178 393 1334 439 profecto,
1356 393 1401 428 fili
1424 395 1520 428 caris·

328 462 419 500 sime,
443 459 562 492 amicos
586 457 625 490 de
655 465 708 490 tua
738 455 838 488 salute
869 454 1022 488 sollicitos
1051 452 1183 487 reddere
1208 453 1318 494 claros,
1343 461 1379 486 ut
1403 453 1520 487 scirent

328 527 359 551 te
386 517 480 550 maris
514 516 617 548 minas
645 523 676 547 et
706 523 889 556 temporum
922 511 1060 556 pericula
1090 521 1264 554 superasse.
1325 511 1522 544 taciturnitas

328 585 382 609 tua
398 574 448 607 vel
464 573 661 606 oblivionem
677 580 805 605 tuorum
823 579 877 603 aut
892 570 938 603 tui
955 578 1053 603 status
1069 568 1297 602 verecundiam
1313 577 1368 603 aut
1382 576 1522 602 mortem

327 633 378 666 vel
408 641 583 665 extremam
614 630 787 669 miseriam,
815 639 912 673 quam
946 627 1043 661 latere
1073 627 1327 671 concupisceres,
1355 626 1518 672 arguebat.

329 690 531 724 extorsissem
554 700 572 721 a
594 698 625 721 te
648 688 774 727 litteras,
799 686 910 726 fateor,
933 685 1114 730 rumpendo
1138 685 1312 725 silentium,
1335 685 1361 718 si
1388 685 1523 719 scissem

328 760 390 793 que
413 747 539 781 fortuna
561 746 630 787 tibi,
649 757 710 790 que
735 744 892 783 condicio,
917 753 1087 788 postquam
1111 742 1185 776 hinc
1204 742 1401 784 discesseras,
1421 743 1524 777 conti-

329 806 437 850 gisset.
479 804 656 838 secundum
675 814 773 847 quam
790 801 1006 836 instituendus
1025 809 1092 834 erat
1110 811 1228 840 serm0‚
1245 812 1286 833 ne
1305 800 1368 834 leta
1386 801 1523 834 merenti

329 863 498 898 scriberem
518 873 600 896 neve
619 861 759 895 tristibus
783 869 836 894 aut
859 859 960 893 dubiis
983 869 1037 893 tua
1061 858 1177 903 gaudia
1201 858 1429 903 perturbarem.
1475 867 1525 893 est

330 931 472 967 preterea
484 921 522 954 de
534 920 806 964 peregrinantium
821 918 923 952 reditu
939 929 1065 961 semper
1080 929 1163 961 speS‚
1176 928 1274 962 quam
1288 926 1386 961 auget
1398 928 1526 962 semper

331 980 506 1019 silentium,
525 977 717 1022 persuadens
736 977 901 1010 absentem
920 975 973 1009 illa
991 970 1106 1016 tacere,
1123 987 1186 1020 que
1205 986 1297 1009 mens
1317 976 1357 1009 sit
1374 975 1456 1010 vivis
1480 975 1526 1014 ,af-

331 1037 447 1071 fatibus
469 1047 639 1070 reservare.
685 1047 772 1069 nunc
792 1044 899 1068 autern
923 1033 962 1067 ad
985 1043 1016 1067 te
1035 1045 1181 1067 reversus
1201 1033 1332 1066 tandem
1350 1033 1462 1078 rupisti
1483 1032 1525 1066 si-

332 1095 477 1135 lentium,
497 1093 537 1127 de
560 1105 624 1138 quo
648 1093 763 1138 gratias
787 1104 849 1137 ago
873 1101 904 1125 et
926 1101 996 1125 tuas
1021 1092 1254 1131 excusationes,
1274 1090 1349 1124 licet
1371 1101 1464 1131 vane,
1483 1100 1526 1124 ne

334 1153 437 1186 dicam
464 1151 550 1192 false,
574 1152 646 1192 sint,
671 1151 791 1184 amicus
815 1149 1021 1183 amicabiliter
1043 1151 1178 1194 accipin,
1202 1161 1270 1183 non
1295 1158 1403 1182 autern
1425 1148 1526 1183 veluti

333 1210 429 1244 iudex
453 1218 593 1253 accepto.
639 1220 715 1242 nam
743 1209 769 1242 si
798 1207 895 1241 michi
923 1219 1018 1252 super
1045 1207 1107 1241 hoc
1134 1207 1218 1241 foret
1245 1207 1416 1240 auctoritas
1442 1205 1526 1240 iudi-

336 1268 437 1307 candi,
464 1266 554 1300 crede
574 1266 682 1306 michi,
697 1275 814 1299 non.te
833 1273 1021 1299 excusarent
1039 1264 1183 1308 hyberna
1200 1264 1330 1308 ffigora,
1345 1275 1408 1309 que
1425 1265 1527 1298 sciam

334 1327 367 1359 in
384 1326 459 1359 urbe
476 1326 579 1359 Roma
594 1324 760 1357 mitissima
775 1335 901 1368 semper
912 1335 981 1357 esse
993 1323 1112 1368 talique
1125 1322 1307 1357 mulcedine
1322 1321 1526 1364 blandientia,

334 1383 421 1428 quod
435 1384 525 1428 ignes
538 1384 602 1423 vix,
614 1383 682 1416 imo
694 1393 871 1426 nunquam,
883 1381 1032 1416 adhibere
1045 1393 1176 1416 necesse
1190 1382 1230 1415 sit
1241 1381 1286 1414 (¹).
1325 1380 1404 1425 quid
1417 1379 1528 1422 facies,

390 1497 411 1519 3.
426 1488 456 1511 R¹
471 1496 524 1512 recu
539 1495 605 1517 super
618 1489 643 1511 in
657 1494 750 1511 rasura.
803 1488 825 1511 6.
839 1486 870 1510 R¹
886 1487 958 1510 littere
1014 1494 1038 1516 9.
1053 1489 1100 1518 est]
1114 1486 1144 1509 L¹
1154 1486 1185 1509 R¹
1201 1491 1225 1509 et

337 1531 371 1553 18.
386 1531 449 1559 Depo
463 1529 491 1552 sit
506 1529 535 1552 121
549 1530 623 1553 scrive
637 1533 659 1551 et
673 1529 729 1551 infra
743 1532 800 1556 etc.,·
813 1535 826 1550 e
840 1529 883 1557 qui
893 1529 1010 1551 τάνταῖα
1024 1528 1050 1550 in
1062 1534 1115 1551 esso
1129 1528 1257 1557 Pepistola.

1281 1493 1315 1510 ιι.
1328 1487 1404 1515 mem]
1418 1485 1450 1509 R¹
1464 1491 1530 1509 meu

336 1635 354 1661 il
367 1643 430 1670 1393
443 1634 581 1661 Bemardo
592 1634 626 1661 da
639 1635 744 1670 Moglio
760 1635 782 1661 si
795 1641 906 1662 trovava

335 1685 433 1703 ancora
451 1677 478 1703 in
496 1678 595 1711 patria3
615 1677 727 1712 giacche
745 1677 763 1703 il
789 1677 825 1710 S.,
844 1677 907 1704 scri-

950 1633 1009 1660 role
1022 1633 1065 1660 del
1077 1639 1170 1660 nostro
1182 1633 1290 1661 sembra
1304 1633 1351 1668 poi
1364 1632 1447 1660 lecito
1460 1633 1530 1660 rica·

951 1684 1013 1703 vare
1033 1676 1084 1703 che
1101 1676 1121 1703 il
1141 1675 1298 1712 Bolognese
1316 1676 1404 1711 prima
1422 1675 1450 1702 di
1468 1683 1528 1712 pas-

335 1720 423 1746 vendo
441 1720 468 1746 in
484 1719 546 1755 quel
560 1726 641 1746 torno
658 1719 712 1746 allo
725 1720 906 1753 Zambeccafi,

336 1761 362 1787 lo
377 1770 493 1796 pregava
508 1761 534 1787 di
549 1762 741 1797 comunicargli
756 1761 782 1788 la
798 1770 845 1788 sua
861 1762 906 1789 let-

335 1810 405 1831 tera:
425 1804 458 1831 cf.
477 1804 521 1831 lib.
547 1805 620 1837 VIII,
644 1813 685 1840 ep.
704 1812 754 1837 xx;
780 1805 814 1837 II,
839 1804 905 1838 462;

335 1855 389 1873 non
408 1847 547 1881 possiamo
565 1847 673 1882 dunque
690 1847 793 1874 risalire
814 1848 859 1883 piu
878 1849 906 1875 in

336 1887 390 1914 alto
417 1887 443 1914 di
471 1887 641 1923 quell'anno.
686 1888 720 1914 D’
729 1888 794 1915 altra
823 1895 906 1923 parte,

335 1929 432 1964 poiche
452 1929 470 1955 il
488 1929 672 1962 Mezzavacca,
699 1931 725 1956 ai
749 1931 776 1956 di
795 1931 838 1957 cui
856 1939 907 1957 ser-

335 1973 389 2008 vigi
408 1973 431 1999 si
449 1981 494 1999 era
513 1973 679 2005 acconciato,
698 1982 778 2000 come
796 1974 815 2000 il
834 1974 862 2001 S.
882 1975 906 2001 ci

335 2020 438 2048 attesta‚
454 2015 599 2049 Bernardo,
612 2018 683 2042 morl
696 2016 723 2043 in
736 2016 825 2043 Roma
840 2017 859 2043 il
873 2025 906 2044 20

335 2057 436 2092 giugno
458 2057 523 2093 1396
542 2058 580 2093 (v.
598 2058 623 2087 la
642 2065 707 2085 nota
729 2067 744 2086 2
766 2068 781 2086 a
800 2068 824 2094 p.
844 2060 906 2094 93);

334 2099 351 2125 1’
359 2099 471 2134 epistola
490 2105 617 2135 presente·
632 2101 741 2128 dovette
765 2101 791 2127 di
816 2110 906 2128 neces-

334 2141 385 2167 sita
403 2150 492 2168 essere
507 2142 598 2168 scritta
613 2142 698 2169 taluni
713 2143 780 2170 mesi
798 2143 905 2170 innanzi

335 2183 385 2210 che
402 2183 427 2210 la
447 2190 534 2211 morte
549 2184 577 2211 lo
593 2186 702 2220 rapisse.
738 2185 823 2212 Tutto
839 2186 906 2212 dun-

334 2234 386 2261 que
398 2226 422 2252 ci
436 2226 583 2254 riconduce
595 2227 727 2254 all’estate
743 2228 784 2255 del
799 2229 856 2264 '953
872 2229 903 2255 ed

334 2276 386 2294 ove
404 2268 428 2295 si
447 2275 578 2296 ammetta
597 2270 646 2297 che
664 2270 683 2296 il
705 2270 738 2297 da
756 2271 862 2306 Moglio
883 2271 905 2298 si

334 2308 404 2336 fosse
417 2309 584 2338 allontanato
601 2312 633 2338 da
645 2312 771 2347 Bologna
784 2321 799 2338 a
811 2321 904 2340 mezzo

333 2350 352 2377 il
371 2351 422 2386 ’93‚
441 2360 504 2379 ecco
524 2353 595 2379 uscir
607 2352 678 2380 fuori
692 2353 710 2380 il
725 2354 845 2387 biennio,
860 2355 904 2381 du-

334 2398 406 2418 rante
425 2392 443 2419 il
462 2393 542 2428 quale
560 2395 624 2430 ogni
642 2403 692 2421 suo
711 2402 836 2431 rapporto
859 2396 904 2423 col

334 2433 362 2460 S.
381 2443 426 2461 era
443 2435 554 2463 rimasto
572 2437 720 2465 interrotto.
758 2438 837 2465 Dalle
856 2447 904 2474 pa-

951 1727 1012 1745 sare
1026 1718 1055 1744 in
1064 1725 1139 1745 corte
1153 1718 1182 1745 di
1191 1718 1280 1745 Roma
1291 1726 1384 1745 avesse
1396 1717 1530 1747 fattauna

950 1761 1031 1787 breve
1051 1761 1157 1787 dimota
1175 1761 1203 1787 in
1222 1759 1334 1787 Firenze
1351 1768 1367 1786 e
1381 1752 1476 1796 quindl
1485 1760 1529 1787 in-

950 1808 1072 1838 trapreso
1092 1802 1180 1830 anche
1195 1811 1232 1829 un
1251 1802 1362 1838 viaggio
1374 1810 1425 1838 per
1439 1810 1530 1836 mate;

951 1854 997 1872 ma
1016 1853 1094 1880 sopra
1110 1845 1198 1881 questi
1213 1845 1398 1872 avvenimenti
1411 1843 1487 1872 nulla
1500 1844 1530 1872 ei

951 1888 966 1913 e
986 1895 1118 1914 concesso
1138 1887 1345 1923 d'aggiungere,
1361 1885 1531 1914 mmcando-

951 1939 1017 1957 cene
1036 1931 1081 1966 piu
1100 1930 1203 1966 precise
1221 1930 1331 1957 notizie.

986 1973 1029 2007 (1)
1048 1973 1142 2000 Riesce
1157 1973 1202 2008 qui
1218 1981 1274 1999 non
1289 1971 1382 2000 inutile
1396 1980 1531 1999 rammen-

950 2021 1007 2042 tare
1026 2015 1078 2041 che
1097 2015 1115 2041 il
1136 2015 1225 2050 primo
1245 2014 1354 2042 camino
1365 2014 1417 2042 che
1429 2016 1454 2041 si
1466 2013 1530 2042 vide

951 2058 978 2084 in
992 2058 1082 2084 Roma
1094 2057 1131 2090 fu,
1141 2066 1170 2084 se
1181 2057 1254 2084 diam
1269 2062 1338 2084 retta
1355 2057 1382 2084 ai
1395 2056 1530 2085 GATTARI

951 2100 1006 2135 (Ist.
1014 2100 1108 2135 padov.
1117 2100 1146 2126 in
1157 2101 1215 2127 Rer.
1224 2100 1256 2127 11.
1263 2100 1319 2127 Ser.
1329 2099 1416 2133 XVII,
1423 2098 1531 2134 ,ις-46),

951 2142 1041 2178 quello
1055 2141 1123 2169 fatto
1138 2142 1270 2169 costruire
1283 2141 1468 2168 nell’invemo
1484 2141 1531 2168 del

953 2183 1020 2219 1368
1035 2184 1070 2211 da
1084 2184 1237 2211 Francesco
1249 2184 1284 2211 da
1299 2183 1424 2216 Curram,
1439 2193 1455 2209 ι
1470 2191 1530 2220 per-

952 2237 966 2253 α
980 2228 1030 2255 che
1040 2236 1056 2254 a
1066 2227 1129 2264 quel
1137 2233 1232 2263 tempo
1241 2226 1314 2254 nella
1325 2228 1390 2255 citt&
1401 2227 1428 2254 di
1438 2227 1529 2258 Roma

951 2281 967 2296 α
979 2279 1035 2297 non
1053 2271 1080 2297 n’
1093 2278 1140 2297 era
1155 2270 1211 2296 mai
1226 2275 1298 2297 stato
1311 2269 1381 2296 fatto
1396 2269 1497 2297 alcano
1512 2277 1529 2297 e

950 2322 965 2338 α
978 2313 1079 2348 perche
1093 2312 1160 2347 ogni
1182 2312 1290 2339 huomo
1313 2311 1408 2339 saceva
1431 2312 1442 2339 i
1467 2311 1530 2339 suoi

951 2364 966 2379 α
979 2354 1073 2381 fuochi
1091 2355 1119 2381 in
1139 2361 1232 2381 mezzo
1251 2353 1278 2381 le
1296 2361 1359 2381 case
1371 2353 1496 2387 ditatu
1512 2362 1528 2381 e
1548 2366 1550 2369 ·

950 2406 965 2421 α
977 2396 1026 2423 mli
1051 2395 1184 2423 facevano
1212 2397 1240 2423 in
1267 2396 1375 2423 cassani
1402 2396 1476 2432 pieni
1499 2395 1529 2423 di

950 2448 964 2464 α
978 2444 1050 2465 terra
1067 2439 1077 2465 i
1094 2438 1156 2466 loro
1172 2438 1268 2466 fuochi
1281 2447 1307 2465 n.

1555 929 1595 954 10

1556 1214 1594 1249 15
1689 1222 1696 1276 Ξ
