1696 2782
96 951 136 976 10

98 1242 136 1276 15

95 1531 140 1557 20

98 1825 140 1860 25

101 2109 144 2143 30

435 291 483 318 DI
514 289 780 318 COLUCCIO
811 289 1082 318 SALUTATI.
1293 290 1353 324 109

161 419 188 452 si
211 418 289 464 quid
319 427 428 452 tamen
451 417 608 451 felicitatis
631 416 740 450 haberi
762 425 869 461 potest
891 417 924 450 in
948 415 1007 450 hac
1031 416 1094 449 vita
1118 415 1262 457 mortali;
1290 416 1355 460 qui,

162 477 235 512 licet
258 477 367 511 senior
389 485 421 510 et
443 476 511 510 eius
534 475 639 516 etatis,
661 486 725 520 qua
748 474 950 519 presbyteros
970 474 1152 519 appellatis;
1176 485 1244 508 cras
1269 475 1355 508 enim

162 546 283 570 annum
294 534 534 579 sexagesimum
549 534 698 578 quintum
722 533 895 577 attingam3
915 533 1040 566 visurus
1054 542 1164 566 tamen
1184 532 1357 576 aliquando

160 605 234 628 sum
252 593 304 627 illa
326 592 489 637 principia,
509 591 595 625 unde
619 590 770 636 quicquid
794 590 889 624 habet
909 591 1037 624 Latium
1054 590 1240 625 eruditionis
1263 599 1358 635 atque

161 650 304 685 doctrine
328 649 466 684 creditur
481 648 666 682 emanasse!
713 647 795 682 forte
810 647 908 681 etiam
923 647 1024 682 nostri
1045 647 1180 682 Catonis
1196 647 1357 691 exemplo,

161 717 306 743 extremo
321 707 394 742 licet
412 707 477 754 vite
492 715 650 751 tempore,
662 706 764 751 grecis
780 705 947 740 intendam
966 705 1076 738 litteris
1091 714 1123 739 et
1138 705 1294 749 exemplis
1309 705 1359 739 his

160 777 224 811 que
239 765 279 800 de
294 765 412 800 nostris
421 753 515 798 liausi
527 763 641 798 studiis
657 763 831 809 argolicam
847 762 982 796 adiciam
999 762 1200 807 disciplinam
1212 762 1256 796 (¹).
1304 761 1360 796 sed

162 836 265 860 unum
280 833 339 865 est,
351 835 417 869 quo
436 823 476 858 de
494 833 526 857 te
545 834 673 858 summe
692 822 806 856 letatus
817 833 903 863 sum,
914 821 1002 866 quod
1019 821 1167 856 videlicet
1181 822 1360 866 intelligam

164 891 219 917 tue
237 883 343 927 gentis
361 880 519 915 erroribus
535 881 567 914 in
582 879 657 922 fide,
673 881 741 914 sine
756 890 819 925 qua
834 879 947 913 salvari
960 891 1027 914 non
1042 891 1226 924 possumus»,
1242 889 1273 913 te
1293 891 1361 914 non

162 941 276 982 teneri,
298 949 333 974 ut
351 939 449 974 michi
464 949 573 973 tecum
596 950 703 973 sermo
722 939 763 972 sit
781 949 848 972 non
864 938 972 972 solum
995 947 1030 972 ut
1053 949 1128 972 cum
1149 937 1286 979 erudito,
1305 938 1361 972 sed

163 1000 258 1035 etiam
284 1011 358 1034 cnm
382 998 554 1033 ortodoxo.
601 998 634 1032 in
653 998 713 1032 hac
726 997 857 1042 quidem
880 997 1065 1032 mortalium
1089 998 1242 1031 societate
1261 997 1361 1032 dulcis

164 1068 212 1094 est
234 1059 420 1093 coniunctio
435 1057 614 1103 sanguinis,
632 1069 730 1102 quarn
745 1057 844 1091 en'am
863 1056 939 1091 odia
948 1068 1017 1091 non
1032 1056 1224 1097 dissolvunt,
1239 1056 1363 1091 dulcior

164 1111 354 1156 amicorum,
377 1126 440 1160 que
463 1116 533 1149 sine
556 1114 774 1149 benivolentia
798 1115 910 1159 nequit
931 1125 1013 1155 esse,
1039 1114 1224 1148 dulcissima
1250 1116 1362 1158 patrie,

164 1186 228 1220 que
250 1184 345 1219 supra
367 1172 534 1207 vinculum
554 1171 734 1207 dilectionis
756 1181 788 1206 et
810 1172 976 1218 sanguinis
998 1172 1175 1206 securitatis
1194 1182 1225 1206 et
1248 1171 1361 1206 huma-

165 1243 279 1267 narum
302 1242 408 1266 rerum
431 1230 527 1265 adicit
549 1230 746 1264 societatem.
803 1230 861 1265 sed
883 1241 979 1275 super
1001 1231 1152 1264 omnium
1177 1230 1362 1264 mortalium

165 1301 268 1325 nexus
287 1289 451 1334 religionis
465 1288 635 1323 christiane
655 1289 846 1323 communio
862 1289 965 1323 maior
983 1298 1031 1323 est
1045 1297 1078 1323 et
1092 1289 1233 1329 suavior,
1248 1289 1281 1322 in
1300 1299 1362 1332 qua

165 1358 278 1383 sumus
299 1357 416 1381 omnes
439 1357 543 1381 unum
565 1346 599 1380 in
624 1346 768 1388 Christo,
784 1358 901 1392 queve,
920 1348 1003 1381 sicut
1020 1346 1199 1392 sanguinis,
1218 1346 1362 1380 amicicie

166 1405 219 1440 vel
237 1405 335 1450 patrie
358 1404 511 1449 glun'nus,
528 1403 568 1438 ad
590 1403 779 1448 temporalia
803 1415 870 1438 non
890 1403 1064 1445 ordinatur,
1088 1402 1146 1437 sed
1172 1402 1212 1437 ad
1236 1413 1363 1444 eterna3

166 1474 235 1498 non
256 1462 383 1508 respicit
412 1461 548 1497 salutem
572 1473 756 1506 corporum,
779 1461 836 1496 sed
870 1471 1013 1496 eternam
1044 1461 1274 1496 beatitudinem
1297 1462 1363 1495 ani-

167 1533 304 1556 marum.
349 1520 409 1555 hec
431 1519 563 1566 quidem
593 1519 688 1554 docet
717 1520 763 1554 sic
790 1519 922 1565 diligere
953 1520 1158 1564 sanguinem,
1187 1519 1276 1564 quod
1306 1531 1364 1564 pro

168 1579 288 1615 Christi
311 1580 444 1614 nomine
467 1589 578 1623 parurn
602 1578 643 1612 sit
665 1589 700 1612 se
723 1578 762 1612 ab
785 1579 875 1612 omni
895 1578 1140 1613 necessitudinis
1167 1578 1251 1612 illius
1275 1589 1364 1612 com-

167 1637 314 1683 plexibus
325 1636 463 1678 liberari;
478 1636 524 1671 sic
543 1645 658 1671 monet
676 1636 856 1670 amiciciam
876 1636 991 1677 colere,
1005 1635 1094 1682 quod
1106 1636 1248 1670 animam
1260 1647 1364 1676 suam,

169 1695 233 1730 hoc
254 1705 303 1730 est
326 1695 425 1730 vitam
451 1694 534 1729 hanc
560 1694 786 1736 transitoriam,
812 1705 870 1739 pro
895 1703 1004 1729 eterna
1026 1705 1160 1728 suorum
1184 1694 1364 1728 amicorum

168 1753 281 1794 salute,
303 1753 330 1787 si
354 1762 463 1787 tamen
488 1761 596 1787 eterne
619 1763 653 1786 se
676 1763 745 1787 non
768 1751 889 1798 perdat,
913 1762 1067 1798 exponat:
1090 1752 1137 1786 sic
1159 1753 1295 1797 imperat
1310 1763 1365 1796 pa-

168 1811 264 1846 triam
292 1809 588 1856 rempublicamque
618 1809 761 1852 defendi,
790 1819 827 1844 ut
858 1811 1002 1846 civitates
1032 1819 1064 1844 et
1089 1821 1205 1844 omnes
1234 1809 1274 1844 ad
1303 1809 1365 1844 Dei

169 1869 308 1914 gloriam
317 1877 558 1903 conserventur.
604 1867 816 1913 quamobrem
829 1868 928 1903 michi
940 1867 1306 1913 superiocundissimum
1317 1877 1366 1902 est

170 1936 202 1962 te
221 1926 377 1962 catholice
388 1926 559 1968 societatis,
576 1937 675 1972 quam
690 1925 865 1961 Ecclesiam
882 1927 1066 1961 Romanam
1080 1925 1227 1966 dicimus,
1238 1926 1365 1971 gremio

170 1985 337 2020 contineri.
382 1985 416 2019 in
438 1996 502 2030 qua
519 1983 654 2029 quidem
680 1995 725 2027 re,
745 1995 821 2019 cum
843 1993 910 2025 tua,
928 1985 1010 2020 sicut
1032 1983 1139 2024 audio,
1164 1984 1307 2019 maxima
1325 1985 1366 2018 sit

171 2043 340 2077 auctoritas
363 2042 447 2088 apud
470 2043 604 2084 Grecos,
627 2042 739 2076 hortor
761 2051 793 2076 et
816 2042 956 2084 suadeo;
979 2051 1071 2087 potes
1095 2042 1194 2082 enim,
1210 2053 1285 2076 cum
1308 2041 1367 2076 tibi

172 2101 313 2136 Platonis
323 2100 503 2146 eloquentia
517 2101 687 2145 contigerit
702 2110 734 2135 et
747 2099 910 2134 familiaris
923 2101 976 2142 sit;
993 2109 1028 2134 ut
1045 2100 1161 2145 aliquid
1178 2099 1218 2134 ad
1237 2109 1366 2134 tuorum

170 2159 415 2194 instructionem
438 2168 511 2204 post
533 2168 564 2193 te
583 2158 761 2204 relinquere
783 2171 851 2192 non
884 2159 1014 2193 omittas
1025 2158 1070 2192 (²).
1118 2169 1193 2192 nam
1218 2158 1245 2192 si
1269 2157 1368 2191 valuit

224 2272 483 2302 4.cod.o-eroeum
537 2272 723 2296 meod-uhi·

207 2373 252 2408 (ι)
270 2372 314 2400 Cf.
333 2372 397 2401 Cic„
415 2372 455 2400 Da
471 2375 558 2400 sanct.
575 2372 594 2400 1.
792 2372 875 2399 miate
893 2377 985 2408 quate
1004 2372 1166 2399 esortazioni
1186 2371 1279 2399 affatto
1294 2373 1369 2408 inop-

208 2415 252 2450 (2)
270 2415 306 2442 Se
325 2414 344 2442 il
362 2415 391 2442 S.
413 2423 508 2442 avesse
536 2414 639 2451 meglio
664 2423 747 2442 cono-
793 2420 914 2451 portune.
952 2414 1094 2442 Demetrio
1117 2414 1203 2442 infatti
1230 2414 1300 2442 nella
1319 2423 1367 2442 sua

174 2457 261 2486 sciuto
287 2457 307 2485 il
334 2457 455 2486 Cidonio
473 2457 497 2485 si
520 2456 631 2486 mebbe
650 2456 748 2493 rispar-
792 2456 875 2493 lunga
882 2456 1012 2484 esistenza
1019 2464 1197 2493 composeun
1209 2457 1368 2494 raggmrdc·

1411 419 1466 442 Qud
1483 419 1562 441 felicita
1576 426 1599 440 se

1384 453 1396 466 ι
1409 446 1510 493 Ιιιίὴέπη,
1522 446 1598 467 sebben

1384 480 1435 494 vec:
1473 488 1479 498 ‚

1385 595 1493 615 ”venisse
1502 601 1531 614 un
1546 594 1599 621 gior-

1385 627 1422 646 no,
1426 628 1485 642 come
1492 628 1503 641 ι
1509 621 1598 646 Catone,

1386 648 1407 668 di
1425 653 1496 675 gustu
1516 647 1600 676 qualche

1386 674 1440 695 niu·
1453 674 1562 695 &ananim
1569 681 1601 695 u-

1386 702 1456 730 pienn
1465 701 1471 722 l

1414 822 1479 843 lnfine
1487 821 1517 850 gli
1531 821 1553 842 fu
1568 829 1601 842 cn-

1387 849 1438 877 gion
1458 850 1479 870 di
1501 853 1600 870 contento

1387 876 1468 904 ειμι-10
1481 875 1587 897 condico.

1416 1237 1445 1258 1,-
1459 1237 1558 1265 religione
1573 1238 1603 1258 iu·

1389 1264 1561 1285 mummulo
1568 1265 1604 1297 piu

1389 1296 1485 1319 ponente
1495 1291 1533 1312 che
1542 1296 1603 1312 utnu-

1430 1318 1459 1345 μί
1478 1318 1557 1338 nomini
1571 1323 1603 1338 tm

1397 1352 1436 1366 oro
1442 1352 1448 1370 ς

1391 1870 1606 1922 ῧᾶεἱῖ-’ἓὲἒὲοῖξ

1392 1923 1606 1976 amm-3:¹¹⁴

1394 2047 1489 2069 tenuent
1497 2047 1607 2069 d'indune

1393 2075 1449 2102 ωςιι
1459 2075 1526 2096 nami
1539 2075 1546 2095 i
1560 2075 1608 2095 moi

1394 2101 1557 2149 mnu-{oded
1562 2101 1608 2122 tmi-
