1682 2762
127 356 174 377 Nem
185 355 247 382 perd·
257 354 315 381 quin-

101 384 122 403 di
143 388 227 409 temp03
249 381 316 401 cerchi

101 410 122 431 dl
130 409 178 430 fmi
187 409 237 436 ogni
243 408 316 435 giorno

102 437 198 464 migliore
206 443 217 455 e
226 436 261 462 piu
271 435 316 454 dot-

102 469 124 484 ιο
135 470 141 488 ;
170 463 243 483 εοΙιίνί
272 461 316 482 cosi

103 491 118 511 l'
126 490 239 517 eloquenza
258 494 316 509 come

103 518 118 538 il
127 523 208 544 supere,
220 522 258 543 pur
268 515 316 534 dnn-

103 545 130 565 do
140 551 152 564 ι
162 548 235 571 questo
245 543 264 563 ln
274 548 316 569 pre-

103 571 184 592 ferenzn
198 569 306 590 sull'altrn.

130 652 179 672 Non
193 651 250 671 nimi
267 650 318 677 peto

104 679 176 700 inutile
196 678 210 698 1·
221 678 318 704 eloquen-

103 713 140 732 τις

104 769 143 789 che
151 768 196 789 anzi
204 774 250 788 esta
257 768 268 787 ὲ
288 773 320 786 ιτ-

104 801 124 817 te
134 796 252 822 integr-me
280 793 321 814 ella

103 821 321 877 225‘53112352'32235

105 883 130 898 va
144 876 203 901 privo
214 876 233 895 di
243 874 319 902 quella.

133 997 170 1017 Pin
185 1003 230 1017 nra
240 997 251 1016 ὲ
261 995 322 1016 l'elo-

107 1031 187 1052 quenz·
201 1024 234 1044 del
250 1030 323 1051 sapere

107 1058 118 1072 e
141 1052 177 1078 piu
205 1050 286 1071 difficile
311 1057 323 1070 ι

107 1077 250 1106 nggiungetsi
258 1084 264 1102 ;

109 1294 230 1315 mentreche
240 1294 261 1314 lo
273 1293 326 1314 sfor-

110 1329 135 1342 zo
150 1328 185 1349 per
195 1320 326 1348 conneguirln

111 1349 174 1376 gion
179 1348 204 1368 nd
210 1354 326 1368 nect-escere

110 1377 131 1396 in
146 1375 180 1396 nol
191 1375 211 1395 ln
221 1374 326 1399 doarium

113 1467 139 1486 ne
160 1471 232 1494 questa
251 1466 263 1485 ὲ
284 1471 330 1492 per-

113 1493 234 1514 stttamente
258 1498 328 1525 pone-

112 1520 161 1540 dun
184 1520 210 1540 dn
231 1519 264 1540 clu
287 1525 328 1539 non

113 1547 184 1574 nppin
214 1553 254 1567 con
279 1545 328 1573 ogni

114 1574 212 1594 maenti·
226 1573 327 1601 pul-me.

134 1641 209 1663 δὶα-,ὴὲ
215 1642 236 1661 in
242 1646 329 1661 entran-

116 1669 137 1690 bl
144 1669 211 1696 questi
217 1668 272 1689 nudi
279 1675 331 1695 pon-

115 1703 142 1724 gn
156 1696 170 1716 l'
179 1695 260 1717 Ali-{osi
280 1695 330 1722 ogni

116 1730 171 1744 eura.

118 1844 132 1864 1·
143 1817 333 1864 re

118 1871 199 1904 gnargli
206 1871 221 1891 il
231 1871 333 1891 eammino

118 1905 154 1931 per
173 1898 186 1930 il
205 1898 265 1930 quqle
283 1897 333 1918 deve

118 1925 333 1988 straet-tart:

119 1985 275 2034 {xxxam
289 1979 296 1999 ¹
311 1986 333 1999 ‘⁴

120 2057 334 2099 25335222‘25522

121 2106 143 2125 ra
164 2112 176 2125 a
195 2105 301 2126 Ludovico
316 2107 335 2126 di

120 2133 211 2153 stimarsi
247 2139 335 2160 semme,

121 2159 228 2186 malgrado
234 2160 282 2187 ogni
289 2167 336 2187 pro-

119 2185 174 2211 smo,
189 2186 307 2213 ignorante.

345 214 410 246 602
771 218 1117 247 EPISTOLARIO

344 358 400 391 per
424 345 655 390 negligentiam
681 354 875 390 postergare.
923 344 972 379 fac
996 356 1051 389 per
1074 343 1221 388 singulos
1246 343 1312 377 dies
1337 342 1467 387 aliquid,
1486 353 1552 386 quo

345 416 413 437 non
430 403 560 447 peritior
578 401 698 442 solum,
714 401 770 435 sed
790 402 904 435 melior
923 401 992 443 fias,
1012 401 1177 442 addiscas;
1198 400 1247 434 fac
1266 409 1301 434 ut
1319 398 1488 433 scribendo
1501 398 1553 432 vel

345 462 485 497 dicendo
501 473 563 506 que
578 462 756 506 perceperis
771 461 868 496 simul
886 472 1044 495 exerceas.
1083 461 1206 505 optime
1220 459 1352 504 quidem
1367 458 1465 493 simul
1479 469 1552 492 coa-

345 522 469 555 lescunt
482 521 638 565 sapientia
650 530 682 554 et
698 520 891 565 eloquentia,
910 530 944 554 ut
962 528 1122 564 quantum
1137 519 1190 552 illa
1207 519 1290 562 capit
1305 526 1431 552 tantum
1446 526 1479 551 et
1494 517 1554 550 ista

346 589 524 624 pertractet.
571 579 660 623 quod
672 580 698 612 si
711 588 872 613 certamen
890 579 1052 628 utriusque
1063 577 1129 618 fiat,
1148 577 1278 622 quecui
1294 575 1491 621 preoptanda
1502 575 1554 615 sit,

347 638 502 683 sapientie
518 638 660 682 palmam
675 637 760 671 dato.
809 649 876 671 non
889 647 998 671 tamen
1014 636 1126 670 inutile
1141 645 1218 680 puta
1230 646 1358 680 semper
1371 634 1556 679 eloquentie

348 696 554 741 singularem,
578 696 764 740 precipuam
793 705 824 730 et
856 696 1046 730 continuam
1070 706 1204 739 operam
1235 693 1321 727 dare.
1369 705 1436 727 non
1468 693 1554 726 enim

347 755 532 799 eloquentie
548 754 692 788 studium
705 765 773 788 non
788 754 886 787 etiam
905 753 1058 797 sapientie
1079 763 1197 786 munus
1217 761 1274 785 est.
1322 750 1476 785 subicitur
1491 749 1557 784 elo-

348 814 479 858 quentia
502 813 656 857 sapientie
680 822 712 846 et
736 813 768 846 in
792 813 870 856 ipsa,
894 812 986 856 quasi
1005 821 1076 845 toto
1093 810 1247 855 quodam,
1264 809 1353 855 quod
1374 818 1487 844 cuncta
1499 809 1558 843 sci-

350 871 423 904 bilia
453 869 625 915 possideat,
653 870 845 909 continetur,
878 879 912 903 ut
940 869 995 913 qui
1026 869 1181 912 sapientie
1209 867 1352 902 studium
1380 865 1558 911 profitetur,

350 928 447 962 simul
458 938 490 962 et
503 928 686 972 eloquentie
702 927 889 972 profiteatur
904 938 1035 961 necesse
1054 927 1105 960 sit.
1152 926 1227 971 quia
1245 935 1355 959 tamen
1375 936 1412 958 ea
1422 924 1558 966 ratione,

350 998 414 1032 qua
437 987 503 1020 duo
527 987 588 1020 hec
611 998 667 1031 per
691 986 892 1020 intellectum
916 985 955 1019 ab
985 985 1127 1019 invicem
1155 993 1352 1029 separantur,
1375 982 1559 1028 eloquentia

350 1046 450 1079 rarior
472 1045 626 1089 sapientia
650 1054 708 1085 est,
734 1043 947 1078 difficiliorem
978 1055 1051 1077 eam
1075 1054 1144 1077 esse
1175 1043 1331 1087 sapientia
1353 1053 1422 1076 non
1445 1042 1559 1075 incon-

352 1105 518 1143 venienter
540 1115 714 1149 possumus
739 1103 891 1143 arbitrari,
915 1103 1071 1148 quoniam
1095 1102 1227 1147 quidem
1251 1102 1285 1135 in
1309 1101 1358 1135 his
1389 1099 1560 1140 habitibus,

352 1163 407 1208 qui
432 1162 540 1197 studio
566 1162 788 1207 industriaque
811 1171 964 1207 parantur
986 1172 1134 1206 quosque
1158 1160 1320 1195 laboribus
1344 1159 1561 1204 adipiscimur,

352 1222 462 1256 raritas
487 1231 716 1267 argumentum
737 1231 786 1255 est
798 1221 1015 1255 certissimum
1036 1219 1241 1255 difficultatis.
1290 1218 1413 1253 accedit
1430 1218 1471 1252 ad
1489 1218 1562 1259 hec,

354 1281 443 1326 quod
467 1281 616 1322 intentio,
640 1279 784 1314 studium
817 1279 1014 1323 facultasque
1047 1278 1128 1312 bene
1161 1277 1289 1312 dicendi
1320 1278 1422 1312 calcar
1450 1286 1500 1311 est
1526 1285 1562 1311 ut

355 1350 466 1383 sapere
491 1338 774 1382 concupiscamus;
800 1346 835 1371 ut
862 1337 958 1371 huius
991 1337 1175 1381 eloquentie
1198 1335 1342 1370 studium
1368 1334 1562 1380 capessende

355 1398 510 1442 sapientie
526 1399 567 1431 sit
591 1397 688 1431 etiam
711 1397 974 1431 instrumentum.
1023 1407 1129 1441 neque
1154 1396 1252 1430 etiam
1272 1394 1390 1440 aliquid
1415 1394 1495 1429 bene
1515 1393 1561 1428 di-

355 1457 437 1490 citur
470 1455 558 1500 quod
587 1454 817 1500 perfectissime
849 1467 917 1489 non
946 1455 1072 1488 sciatur.
1129 1465 1303 1499 possumus
1339 1453 1442 1488 multa
1470 1453 1562 1493 scire,

355 1526 418 1559 que
453 1523 563 1547 tamen
593 1513 701 1558 eloqui
733 1512 880 1547 distincte
907 1513 1080 1557 debitoque
1111 1524 1187 1546 cum
1213 1522 1329 1546 ornatu
1361 1512 1564 1546 sermonisve

357 1573 523 1606 maiestate
543 1572 723 1614 nescimus;
744 1581 779 1606 ut
803 1572 944 1605 maxime
963 1571 1163 1606 studendum
1182 1572 1222 1605 sit
1241 1571 1438 1615 eloquentie,
1457 1571 1509 1605 cui
1532 1578 1564 1604 et

357 1631 513 1676 sapientie
537 1631 680 1665 studium
705 1642 870 1664 annexum
899 1640 956 1664 est.
1012 1630 1071 1665 hec
1100 1630 1266 1671 hacteuus,
1287 1640 1322 1664 ut
1349 1629 1481 1679 alacrior
1506 1628 1565 1663 fias

359 1689 398 1724 ad
425 1689 529 1724 studia
553 1689 739 1731 litterarum,
760 1702 823 1735 que
851 1690 1005 1734 sapientie
1030 1699 1063 1724 et
1089 1689 1271 1734 eloquentie
1294 1700 1430 1723 munera
1452 1699 1507 1733 pre
1529 1699 1564 1722 se

359 1748 475 1783 ferunt.

426 1807 525 1841 Nunc
539 1815 648 1839 autem
665 1805 764 1839 michi
781 1806 965 1840 monendus
985 1818 1018 1839 es
1042 1818 1140 1851 quem
1160 1805 1297 1839 modum
1313 1805 1371 1838 tibi
1390 1805 1566 1838 constituas

359 1874 395 1899 ut
424 1864 484 1898 hec
511 1863 616 1897 studia
646 1865 865 1909 prosequaris:
898 1865 932 1898 in
962 1876 1026 1909 qua
1049 1863 1181 1909 quidem
1207 1875 1241 1897 re
1265 1863 1369 1908 primo
1398 1862 1566 1907 sapientie,

359 1934 502 1967 moxque
527 1922 654 1956 dicendi
678 1923 765 1956 viam
789 1922 970 1956 ostendam.
1017 1924 1201 1967 premittam
1220 1931 1330 1956 tamen
1350 1934 1464 1963 unum,
1478 1920 1566 1966 quod

361 1980 518 2015 ambobus
534 1992 710 2015 commune
729 1990 777 2015 est
796 1980 948 2026 quodque
966 1981 1172 2015 verissimum
1191 1992 1260 2014 esse
1276 1992 1352 2014 cum
1370 1980 1404 2013 in
1423 1991 1477 2015 me
1494 1989 1565 2014 tum

359 2041 394 2074 in
418 2040 486 2075 aliis
509 2051 582 2073 sum
607 2049 766 2083 expertus.
814 2039 912 2073 velim
936 2040 1034 2084 igitur
1058 2039 1114 2073 tibi
1134 2038 1337 2084 persuadeas,
1348 2037 1500 2083 quicquid
1519 2036 1566 2071 di-

364 2099 476 2133 diceris
506 2108 836 2143 quantumcunqueve
866 2098 922 2132 tibi
946 2099 1083 2132 videaris
1111 2099 1144 2132 in
1171 2098 1355 2143 eloquentia
1384 2097 1567 2142 profecisse,

363 2167 394 2192 te
417 2158 545 2202 penitus
568 2157 666 2191 nichil
690 2158 779 2199 scire,
804 2157 893 2212 quod
923 2166 1045 2202 quanto
1077 2157 1148 2202 plus
1181 2157 1321 2198 sciveris,
1345 2165 1436 2190 tanto
1459 2155 1566 2189 verius

419 2287 436 2302 1.
453 2279 487 2302 N¹
501 2284 613 2309 prosterg.
669 2287 690 2311 3.
707 2280 737 2303 Li
753 2281 855 2310 pceperis
869 2282 925 2310 (sic)
985 2289 1011 2310 4.
1027 2281 1064 2304 Me
1077 2284 1164 2303 omette
1177 2285 1265 2303 tantum
1321 2287 1342 2309 5.
1357 2280 1396 2302 Me
1408 2278 1566 2308 praeponendo

360 2320 381 2342 6.
397 2319 431 2343 Ν]
448 2320 558 2349 sapientia
614 2322 636 2344 8.
648 2321 685 2344 Me
700 2322 725 2344 in
739 2322 814 2351 luogo
823 2322 849 2344 di
857 2329 940 2345 munus
949 2323 1025 2351 ripere
1035 2322 1135 2344 studium
1193 2328 1228 2344 ιο.
1239 2322 1276 2344 Me
1285 2321 1430 2343 continentur
1486 2326 1520 2342 ιι.
1531 2317 1566 2342 N'

361 2362 448 2382 omette
461 2360 528 2382 simul
543 2373 554 2377 -
569 2361 702 2389 profiteatur·
760 2362 795 2385 18.
812 2362 848 2384 Me
862 2362 1015 2391 capescenda
1079 2368 1114 2391 ¹9-
1130 2362 1166 2384 Me
1179 2362 1240 2391 dopo
1255 2367 1327 2390 neque
1341 2361 1372 2383 dei
1386 2367 1436 2383 esse
1445 2359 1565 2389 perezium

362 2406 399 2429 31.
414 2400 452 2421 Me
466 2404 685 2430 quantumcumque,
698 2408 741 2424 vae

1589 877 1629 902 ¹0

1593 1167 1629 1200 ¹5

1591 1459 1634 1482 20

1592 1749 1634 1784 25

1594 2042 1637 2076 30
