1696 2782
80 959 120 984 10

80 1245 117 1279 ¹5

75 1537 119 1562 20

75 1831 116 1864 25

418 289 466 316 m
498 286 764 316 cotuccro
798 285 1071 314 SALUTATI.
1305 286 1348 319 97

150 424 258 457 iuncte
281 423 503 468 proportiones
526 420 787 466 proportionibus
810 420 902 454 melis
920 420 1142 465 symphonicis
1162 431 1349 464 correspon-

150 480 247 522 dent;
279 481 362 514 hanc
397 490 517 521 autem,
545 489 640 524 prout
676 479 711 512 in
741 478 928 524 corporibus
958 477 1031 512 fixis
1062 487 1094 512 et
1121 477 1233 512 solidis
1262 489 1351 522 repe-

149 540 227 573 ritur
242 549 296 573 aut
310 538 445 584 qualiter
460 547 567 582 potest
581 538 615 571 in
631 537 790 571 continuis
811 536 1048 581 mobilibusque
1071 535 1350 580 magnitudinibus

149 596 356 642 deprehendi.
402 607 539 640 quarum
563 607 672 629 rerum
694 594 929 639 speculationes
952 603 1023 628 tum
1047 595 1259 628 instrumenta
1280 603 1351 628 tum

149 655 201 689 via
222 664 298 689 sunt
319 653 514 688 inveniende
533 654 687 694 veritatis,
706 653 788 687 circa
810 664 908 697 quam
932 653 1039 686 omnis
1063 651 1276 697 philosophici
1300 651 1348 686 di·

148 725 275 748 scursus
298 712 435 759 ambitus
455 722 487 747 et
508 712 597 746 illam
615 712 819 757 querentium
838 712 1008 755 occupatio
1027 709 1196 751 laboravit,
1211 710 1280 744 sive
1299 721 1349 744 res

147 772 212 805 sint
238 765 306 805 sine
330 781 465 815 corpore
489 770 666 814 spirituales
689 779 721 803 et
743 769 970 813 circunscripte
997 768 1070 802 loco
1101 768 1168 801 sive
1192 768 1256 801 sint
1280 779 1349 801 cor-

147 840 226 875 pora
241 838 295 863 aut
312 829 442 863 termini
458 839 631 872 corporum
650 828 772 872 puncti,
788 826 937 861 videlicet
955 825 1039 860 linee
1054 835 1150 871 atque
1165 825 1349 870 superficies

149 887 335 932 corporibus
348 886 528 920 inherentes
542 886 595 920 vel
605 885 822 931 pyramidibus
836 884 970 918 radiosis
982 893 1036 919 aut
1050 883 1235 929 corporibus
1247 884 1349 925 tersis,

148 945 188 980 de
202 944 318 990 quibus
333 944 442 979 divina
460 955 589 988 prorsus
609 943 749 988 disputat
766 943 974 988 perspectiva.
1020 941 1159 986 denique
1174 953 1281 976 rerum
1302 941 1348 975 di-

146 1003 297 1038 vinarum
311 1012 344 1037 et
360 1002 576 1036 humanarum
595 1001 715 1036 noticia
733 1011 863 1036 cunctas
878 1010 970 1042 artes,
985 1011 1064 1045 quas
1080 1001 1163 1034 circa
1174 999 1349 1034 materialia

145 1062 269 1107 ingenii
292 1061 427 1096 humani
446 1061 639 1106 perspicacia
660 1060 712 1094 vel
735 1059 866 1094 adhibet
889 1059 940 1094 vel
963 1069 1100 1100 exercet,
1118 1059 1271 1104 quicquid
1289 1058 1348 1093 ho-

146 1120 251 1154 mines
267 1119 307 1154 ad
321 1120 371 1153 sui
382 1119 614 1164 perfectionem
629 1127 740 1164 agunt,
755 1117 796 1152 ad
809 1117 930 1152 familie
948 1117 1161 1151 directionem
1177 1116 1349 1162 provident

147 1187 180 1212 et
202 1177 242 1212 ad
264 1178 309 1212 rei
334 1177 459 1223 publice
482 1178 619 1212 salutem
649 1177 809 1218 ordinant,
833 1176 955 1222 perficit
977 1185 1010 1210 et
1032 1176 1206 1221 prescribit.
1253 1185 1285 1210 et
1308 1175 1347 1210 ab

146 1237 196 1272 his
226 1236 378 1272 omnibus
409 1235 611 1282 speculandis
642 1235 839 1282 agendisque
870 1234 1042 1269 sublevans
1074 1234 1273 1269 intellectum
1306 1234 1347 1268 de

145 1306 253 1330 rerum
275 1295 424 1329 omnium
452 1293 568 1340 opifice
595 1284 669 1332 Deo
691 1302 849 1339 quantum
878 1292 1056 1328 rationibus
1078 1293 1275 1338 vestigatum
1298 1302 1347 1327 est

145 1362 366 1399 quantumque
389 1353 452 1387 Dei
475 1352 671 1398 benignitate
694 1351 942 1397 pre-dictionibus
964 1351 1205 1397 prophetarum,
1224 1351 1346 1386 media·

145 1411 223 1446 toris
247 1411 308 1446 Dei
336 1410 570 1456 hominumque
594 1410 737 1445 doctrina
760 1410 813 1444 vel
841 1419 1027 1444 sanctorum
1056 1420 1183 1455 patrum
1212 1410 1345 1455 inspira-

145 1470 234 1504 tione
255 1468 436 1503 revelatum
457 1479 506 1503 est
527 1469 657 1514 inquirit
679 1478 711 1503 et
733 1468 836 1503 novit.
882 1467 943 1502 hec
966 1467 1130 1503 hactenus.

211 1527 310 1562 Nunc
326 1536 435 1561 autem
458 1527 557 1561 velim
580 1538 634 1561 me
657 1526 744 1561 dicto
761 1526 897 1561 domino
913 1525 1159 1560 recommendes
1177 1534 1210 1560 et
1229 1525 1344 1560 offeras

145 1597 199 1620 me
214 1594 250 1620 ut
265 1596 371 1620 suurn.
413 1585 496 1626 vale,
511 1586 576 1620 mei
592 1584 789 1620 recordatior
806 1596 904 1630 quarn
924 1595 943 1618 a
961 1584 1094 1619 biennio
1113 1585 1201 1619 citra.
1247 1584 1344 1619 video

145 1643 233 1689 quod
247 1643 452 1678 Sidonium
471 1643 586 1678 habes:
600 1643 699 1678 michi
711 1654 790 1677 vero
804 1654 919 1688 parum
935 1642 1054 1678 deficit.
1091 1642 1246 1688 deprecor
1265 1654 1344 1688 ergo

145 1710 178 1736 te
189 1710 346 1747 quatenus
358 1701 635 1746 complementum
647 1701 817 1747 diligenter
832 1713 932 1736 manu
947 1711 1004 1736 tua
1019 1701 1174 1746 scriptum
1188 1703 1223 1736 in
1240 1713 1344 1736 mem-

146 1760 285 1795 branulis
309 1770 341 1795 et
362 1761 470 1805 spacio
493 1761 583 1795 iuxta
606 1771 790 1795 mensuram
813 1761 937 1796 incluse
961 1760 1091 1801 cartule,
1113 1760 1148 1794 in
1171 1771 1234 1805 qua
1259 1760 1344 1805 capi-

145 1819 252 1854 tulum
265 1827 298 1853 et
316 1818 429 1853 ultima
443 1818 619 1853 voluminis
642 1819 707 1853 mei
726 1819 868 1854 carmina
886 1819 1003 1863 scripta
1025 1827 1111 1859 sunt,
1129 1819 1256 1852 mittere
1275 1829 1343 1852 non

146 1877 299 1923 graveris,
322 1885 358 1912 ut
381 1875 538 1911 beneficio
560 1886 619 1911 tuo
641 1876 730 1923 quod
753 1877 852 1912 michi
875 1877 958 1912 desit
980 1876 1122 1912 accedat.
1168 1877 1344 1918 florentie,

147 1934 302 1971 kalendas
323 1935 455 1971 sextilis.

1399 1530 1465 1558 Preg-
1478 1530 1562 1552 Punico
1574 1538 1586 1552 a

1372 1557 1537 1579 meon-adulo
1565 1558 1586 1579 al

1372 1585 1506 1606 flunmen

1371 1648 1396 1669 ed
1414 1655 1426 1668 ι
1445 1648 1554 1669 truci-iver
1569 1647 1585 1668 li

1371 1675 1440 1696 nkuni
1450 1676 1503 1695 veni
1517 1675 1539 1695 di
1568 1675 1585 1695 i-

1372 1702 1450 1726 ἀοιιὶο,
1482 1702 1585 1722 mananti

1371 1729 1405 1749 nel
1415 1735 1453 1750 no
1463 1728 1585 1756 amplam.
