1682 2762
98 987 138 1012 10

99 1412 138 1446 ¹5

440 262 489 289 DI
520 262 786 291 COLUCCIO
818 261 1092 290 SALUTATI.

1299 262 1360 296 501

163 389 258 428 sisse,
281 387 370 433 quod
387 388 482 422 nullis
498 388 696 434 temporibus
715 388 756 422 de
777 388 934 422 memoria
949 397 981 421 te
996 387 1169 431 deponam.
1216 396 1250 420 tu
1267 385 1364 420 michi

162 458 295 492 semper
317 446 410 480 ades:
431 456 465 480 tu
490 445 549 487 fac,
573 457 609 481 ut
627 446 712 492 apud
728 447 922 480 Terentium
940 445 1081 490 perditus
1104 454 1195 490 optat
1217 455 1342 484 amanS,

305 520 372 547 Dies
392 527 539 556 noctesque
559 527 603 547 me
618 527 712 552 ames;
731 527 776 546 me
795 518 949 551 desideres;

166 596 207 630 de
229 607 284 630 me
307 596 440 641 cogites,
465 596 498 630 in
522 607 575 630 me
597 607 718 640 speres,
741 606 872 629 mecum
895 604 983 628 totus
1006 594 1060 635 sis,

306 669 386 696 Meus
404 668 448 697 sac
465 669 502 696 sis
521 674 661 705 postremo
675 668 794 702 animus,
813 667 923 704 quando
942 676 997 703 ego
1017 675 1077 694 sum
1092 673 1155 694 tuus
1164 666 1208 693 (ι).

231 753 387 789 Ceterum
406 763 438 787 te
462 765 531 794 oro,
555 763 591 787 ut
614 752 711 787 libros
730 752 884 786 Musice
907 751 988 784 sacri
1003 750 1145 784 doctoris
1164 749 1286 784 Aurelii
1300 750 1366 783 Au-

165 812 298 857 gustini,
316 812 340 845 si
365 811 483 845 modus
505 821 565 852 est,
580 810 716 844 habeam
725 811 770 844 (²).
817 819 848 844 et
871 809 953 843 vale.

232 870 306 904 Fuit
329 870 426 904 michi
452 869 618 904 contentio
645 881 721 903 cum
749 867 877 902 medico
900 866 1044 912 quodam
1075 878 1169 911 super
1199 866 1366 900 nobilitate

164 928 275 974 legum
308 938 340 963 et
368 927 538 962 medicine.
584 928 610 962 si
641 926 750 961 videre
772 925 909 970 placebit
937 936 1042 970 nugas
1072 936 1161 959 meas
1192 924 1365 968 exemplari

165 985 281 1021 faciam
315 996 409 1032 atque
435 987 562 1020 mittam
577 986 621 1018 (⁵).
668 995 702 1019 tu
731 983 833 1018 modo
856 983 945 1028 quod
980 984 1030 1017 vis
1054 982 1201 1017 rescribe.
1248 983 1366 1016 iterum

166 1045 250 1086 vale,
264 1055 353 1090 pater
367 1054 400 1079 et
423 1044 556 1079 domine
581 1044 637 1084 mi,
658 1045 780 1078 cunctis
797 1042 977 1078 reverentie
1001 1041 1139 1076 cultibus
1163 1040 1366 1075 honorande.

166 1103 339 1145 Florentie,
358 1103 503 1138 secundo
522 1113 626 1137 nonas
648 1102 764 1147 aprilis.

715 1245 826 1279 VIIII.

376 1330 407 1364 Α
430 1329 603 1364 Giovmu
626 1328 845 1362 Mummium
870 1337 916 1361 m
939 1326 1157 1362 Rivmmw.

211 1413 270 1450 [12.
289 1422 313 1442 c.
331 1421 364 1449 25
376 1422 407 1447 Ας
424 1413 473 1447 N',
492 1423 516 1442 c.
536 1422 565 1448 5¹
579 1421 610 1447 ις
630 1413 741 1447 Manus,
760 1421 816 1450 par.
835 1413 856 1447 1,
876 1421 919 1449 ep.
938 1420 1020 1446 xvui,
1038 1421 1084 1448 pp.
1103 1412 1194 1447 73-82‚
1212 1411 1247 1438 da
1266 1411 1323 1446 La]

299 1499 439 1534 Iohanni
465 1499 676 1544 Maipagbino
699 1498 739 1533 de
765 1499 921 1534 Ravenna
944 1499 1015 1532 viro
1033 1497 1233 1531 doctissimo.

247 1590 294 1614 ou
317 1580 439 1624 scripsi,
462 1580 510 1613 vir
532 1579 674 1623 egregie,
697 1590 763 1624 quo
785 1588 818 1612 te
841 1589 1053 1623 provocarem
1081 1577 1121 1611 ad
1151 1576 1368 1612 scribendum.

268 1637 390 1672 scimus
412 1645 444 1671 et
466 1637 571 1671 sciunt
594 1647 720 1678 omnes,
743 1637 796 1681 qui
826 1646 857 1670 te
883 1647 1076 1670 veneramur
1097 1635 1216 1680 quique
1245 1646 1369 1669 nomen
1396 1662 1431 1683 W
1451 1656 1493 1680 ω,
1507 1655 1609 1676 „nm

1391 389 1507 411 assenoche
1513 396 1607 411 noum

1392 418 1415 438 ri
1428 417 1469 437 mai
1483 423 1552 437 meno.

1432 443 1548 464 Toum-so
1584 443 1606 464 Ιο

1391 471 1544 492 mmcumbi
1565 476 1607 490 con

1391 498 1436 525 pari
1450 498 1524 518 ardore

1393 754 1405 768 e
1414 747 1443 775 gii
1452 747 1534 775 promti
1545 748 1551 768 i
1560 747 1607 779 libri

1420 864 1447 884 Se
1465 863 1557 891 gradis-e
1571 870 1607 884 νο-

1393 891 1441 911 dere
1451 891 1466 911 il
1473 897 1512 911 suo
1519 895 1607 911 tranare

1393 918 1446 938 mu·
1459 917 1539 938 nobilia
1554 917 1607 937 deu.

1393 945 1454 972 lene
1460 951 1471 965 e
1479 944 1533 964 della
1542 944 1607 964 medi·

1393 973 1438 992 eina
1454 971 1582 991 εἰῶ-εικῆ
1595 977 1607 991 ι

1393 997 1548 1025 umdarglielo.

1455 1453 1549 1478 mean.

1398 1486 1420 1507 ¹3
1439 1481 1524 1508 naggio
1543 1479 1608 1506 ¹⁴⁰¹?

1421 1521 1471 1542 Non
1489 1521 1539 1542 ebbe
1557 1521 1572 1541 1’
1579 1522 1608 1541 111-

1395 1549 1490 1568 κιιίοικ
1501 1548 1521 1568 di
1535 1553 1608 1575 provo-

1396 1575 1452 1596 cario
1470 1575 1578 1595 scrivendo

1395 1609 1408 1622 ι
1421 1602 1457 1622 dar
1471 1608 1493 1622 aa
1523 1602 1543 1622 ‘o
1555 1602 1580 1622 de
1597 1608 1609 1622 a

1395 1628 1488 1649 mirabile
1494 1608 1609 1649 zeon&-

1396 1682 1440 1703 doti
1458 1682 1490 1702 sui
1507 1682 1607 1706 moduni.

167 1695 363 1730 audiverunt
385 1705 490 1736 tuum,
513 1703 545 1729 ω
575 1706 642 1729 non
674 1694 840 1729 modernis
869 1693 978 1729 solum
1008 1693 1174 1735 excellere,
1204 1693 1261 1728 sed
1286 1694 1370 1728 inter
1396 1709 1456 1730 ..1012
1470 1708 1608 1729 muni-u-

222 1802 245 1826 3.
260 1794 290 1819 ι’
302 1798 389 1818 onem
401 1796 512 1825 apri-0
526 1801 562 1818 me
618 1794 686 1825 §.6¹
700 1795 809 1826 qnoniam

171 1833 535 1863 ιαΰοαΝῐιυΜειοιιωιῆ
549 1835 924 1865 &immacu-venum
939 1834 1067 1858 Akleanoi

170 1880 207 1904 19.
222 1873 256 1897 N'
270 1875 401 1898 aarum

204 1967 248 2004 (1)
267 1966 396 1996 Tuam.
416 1968 483 1996 Em.
502 1967 523 2002 1,
542 1975 572 2002 n,
593 1976 652 2005 193,
670 1967 728 2004 196.

204 2010 247 2045 (a)
265 2009 305 2038 La
323 2010 546 2038 stessarichiesta
564 2019 648 2038 ινα·
668 2011 713 2047 gii
725 2010 745 2038 11

167 2058 260 2080 nostro
278 2052 374 2080 rivolta
401 2052 446 2080 nel
467 2052 535 2089 ¹39⁶
562 2061 578 2080 a
606 2053 746 2081 Giovanni

167 2094 197 2122 di
220 2094 376 2128 uonueun,
394 2094 446 2122 che
469 2103 525 2122 nou
547 2103 592 2122 era
611 2101 682 2123 stato
702 2103 746 2123 α-

168 2144 237 2172 pace
253 2137 280 2164 d'
289 2136 451 2173 appamia
471 2135 506 2164 cf.
518 2136 562 2164 lib.
576 2136 623 2170 IX,
641 2145 684 2174 ep.
697 2144 745 2168 xx.

169 2186 196 2215 p.
217 2178 267 2212 146
279 2179 306 2206 di
318 2185 414 2216 questo
428 2178 546 2206 volume.
583 2179 630 2206 Ma
643 2179 662 2207 il
674 2178 745 2208 Fit:-

169 2220 251 2248 Alain
269 2222 419 2257 possedeva
438 2222 458 2248 il
475 2221 545 2249 libro
560 2230 576 2249 e
593 2221 707 2249 durante
721 2221 745 2249 la

169 2270 218 2291 ana
235 2263 342 2291 dimota
361 2272 377 2291 a
393 2264 502 2292 Firenze
521 2264 559 2300 gli
579 2273 663 2292 aveva
685 2272 746 2300 pro-

170 2313 262 2333 metto
288 2306 315 2333 di
342 2306 546 2342 mandargiiene
570 2315 624 2334 una
648 2307 746 2343 copim

171 2345 205 2375 ef.
220 2346 290 2383 rep.
304 2355 336 2376 vi
355 2347 398 2375 del
415 2347 460 2375 lib.
480 2347 554 2376 xm.

206 2388 250 2424 (3)
274 2389 342 2418 Coai
367 2389 426 2418 fece
447 2390 548 2424 difatti3
572 2389 608 2419 cf.
626 2390 645 2418 1’
654 2398 697 2426 ep.
717 2397 747 2418 vi

171 2431 215 2459 del
233 2431 280 2460 lib.
297 2432 372 2460 xm.

877 1796 900 1819 6.
914 1794 950 1818 w
958 1794 991 1819 6¹
1006 1801 1048 1818 οω
1062 1799 1085 1818 te
1151 1794 1202 1824 6-7.
1216 1793 1246 1817 1.ι
1262 1794 1369 1823 Agusdni

1134 1835 1171 1858 18.
1185 1834 1222 1857 ue
1236 1838 1370 1857 vener-amur

825 1968 868 2003 (4)
889 1966 1005 1995 Ometto
1023 1966 1051 1994 di
1065 1966 1212 1994 deliberato
1230 1966 1371 2002 proposito

790 2011 818 2038 in
828 2017 923 2046 queste
931 2009 1108 2037 inum-azioni
1123 2010 1188 2045 ogni
1204 2009 1371 2036 discussione

790 2052 903 2080 relativa
923 2052 949 2079 al
967 2051 1082 2088 periodo
1100 2051 1168 2078 della
1188 2051 1243 2078 vita
1261 2051 1288 2078 di
1305 2050 1372 2078 Gio·

790 2095 882 2127 vanni,
895 2095 947 2122 che
959 2095 975 2121 ὲ
989 2093 1120 2121 anteriore
1136 2093 1190 2121 alla
1205 2102 1255 2120 sua
1267 2093 1371 2120 dimota

791 2138 818 2164 in
829 2137 948 2169 Pirenze,
958 2136 1039 2169 dove,
1055 2136 1127 2163 com'
1136 2137 1151 2162 e
1161 2135 1214 2162 ben
1229 2142 1306 2168 noto,
1316 2134 1371 2170 egli

791 2179 932 2214 apparisce
950 2177 1031 2213 quale
1049 2183 1167 2204 maoetro
1193 2177 1220 2203 di
1244 2176 1371 2204 retrorica

791 2220 865 2248 uello
872 2220 970 2248 Studio
976 2220 1068 2247 l'anno
1078 2227 1151 2255 ¹397·
1178 2218 1263 2246 Turio
1269 2224 1372 2254 quanto

791 2264 813 2291 si
832 2264 847 2290 e
861 2268 962 2290 venum
979 2261 1064 2289 difatti
1079 2261 1223 2288 scrivendo
1236 2260 1277 2288 sul
1291 2260 1318 2287 di
1333 2260 1370 2288 lui

792 2312 884 2338 conto,
897 2304 1025 2340 dopoche
1032 2303 1128 2330 risulto
1138 2303 1371 2330 definitivamente

792 2347 950 2374 dimostrato
962 2354 1039 2373 come
1048 2345 1124 2372 nulla
1133 2345 1219 2372 avess'
1227 2344 1282 2380 egli
1291 2352 1307 2371 a
1314 2351 1372 2380 par-

790 2389 842 2416 tire
851 2388 914 2416 coll'
921 2388 990 2415 altro
999 2387 1148 2420 Giovanni,
1154 2386 1259 2423 figliuol
1265 2386 1292 2414 di
1300 2394 1372 2413 mae-

792 2438 848 2460 stro
868 2431 1040 2459 Conversino
1062 2429 1111 2466 (cf.
1128 2429 1174 2458 lib.
1189 2428 1264 2463 VIII,
1278 2437 1323 2465 ep.
1336 2436 1370 2461 x;

1396 1735 1485 1757 niverad
1505 1742 1608 1756 consenso
