1682 2762
90 366 177 384 owen-o,
201 366 214 380 ι
255 366 301 380 uer

90 386 166 409 d'nltri.
181 393 216 413 per
224 387 253 413 gi
267 392 298 407 οο-

90 413 167 440 cup-d.

114 474 133 494 Α
152 478 206 494 tutte
227 478 299 501 queste

89 500 303 528 interpretationi&

88 527 155 547 luecio
172 528 190 547 ιί
210 527 300 547 dis-‚hinni

88 560 184 578 avverso,
199 558 300 574 nostran-

87 580 142 600 done
161 580 180 600 la
197 586 248 607 poen
262 586 300 601 ιο-

87 607 151 627 udin.

328 232 393 265 250
749 227 1091 256 EPISTOLARIO

327 351 425 385 fertur
447 351 533 384 idem
558 351 590 384 in
609 351 730 395 primis,
755 359 786 384 at
805 350 838 384 in
857 350 972 384 ultimo
989 350 1186 391 dissensisse,
1204 350 1359 395 quoniam
1383 350 1437 384 ubi
1460 362 1518 395 po-

327 411 389 444 suit
412 409 586 454 precedens
606 409 799 454 hypocritas,
819 410 879 443 iste
909 410 1067 443 recensuit
1091 409 1317 454 occupatos(¹).
1364 422 1382 443 a
1404 409 1518 454 quibus

327 467 476 501 omnibus
501 468 596 512 exigo
613 467 690 511 quid
705 478 722 500 a
736 467 940 512 peccantibus
956 468 1058 501 ociosi
1077 467 1130 501 vel
1142 469 1360 501 inconstantes
1379 467 1518 512 quidque

327 523 473 557 differant
495 524 661 568 hypocrite
686 524 844 558 declarari.
902 534 1051 558 carentne
1082 534 1214 569 peccato
1239 525 1289 558 vel
1311 525 1390 558 vitio
1422 524 1519 558 nichil

327 583 506 616 virtuosum
540 591 682 628 agentes,
707 582 763 617 sed
798 593 986 624 marcentes,
1011 582 1099 628 quod
1133 583 1178 616 illi
1213 583 1336 624 volunt,
1361 584 1433 617 ocio
1468 583 1520 617 vel

326 641 492 685 hypocrite
509 641 560 674 vel
575 641 820 675 inconstantes?
865 642 891 674 si
914 653 981 675 non
1001 651 1101 686 agunt
1124 641 1175 675 isti
1198 641 1292 682 male,
1308 642 1334 674 si
1358 642 1520 675 moraliter

325 699 378 732 isti
401 711 467 733 non
491 709 635 744 peccant,
655 699 802 741 referant,
825 701 850 733 si
871 709 1017 744 possunt,
1041 700 1174 745 quinam
1198 709 1332 744 peccent
1356 710 1396 741 et,
1413 708 1449 734 ut
1471 701 1519 734 in-

325 757 451 801 quiunt,
474 757 558 790 male
583 766 689 802 agant.
737 769 776 791 an
796 756 878 791 forte
892 757 999 791 solum
1013 769 1143 802 peccare
1159 757 1266 791 dicent
1280 766 1311 791 et
1326 768 1419 802 agere
1435 757 1520 791 male

325 815 479 859 periuros,
496 815 665 857 adulteros,
678 826 830 860 raptores,
843 816 1025 860 sacrilegOS,
1042 825 1245 860 stupratores,
1260 815 1354 857 fures,
1369 816 1520 856 latrones,

326 872 514 913 homicidas,
533 873 734 915 libidinosos,
757 874 881 908 luxuria
905 873 1057 917 perditos,
1081 873 1334 907 domesticorum
1354 873 1404 907 vel
1421 873 1520 918 patrie

325 930 515 975 proditores,
540 941 594 965 aut
618 932 696 966 alios
720 933 775 976 qui
798 943 832 965 se
855 931 999 976 turpibus
1025 931 1234 976 obscenisque
1258 931 1428 965 sceleribus
1455 943 1521 966 ma-

326 988 473 1028 cularint;
506 1000 572 1022 non
596 989 692 1022 etiam
715 989 798 1029 illos,
821 990 877 1033 qui
905 988 998 1022 bona·
1019 989 1189 1033 negligunt
1220 998 1275 1022 aut
1304 989 1521 1022 inconstanter

327 1055 427 1090 agunt
443 1055 496 1080 aut
515 1046 621 1081 solum
645 1045 685 1080 ad
705 1047 956 1080 ostentationem
981 1055 1012 1079 et
1035 1046 1173 1091 gloriam
1192 1046 1254 1086 vel,
1270 1045 1358 1091 quod
1381 1045 1520 1081 deterius

326 1112 385 1143 est,
405 1102 445 1136 ad
469 1102 693 1148 deceptionem
716 1113 747 1137 et
770 1104 953 1148 nequiciam
984 1103 1181 1148 operantur?
1226 1103 1377 1137 falluntur
1401 1103 1520 1137 iudicio

326 1171 413 1203 meo,
444 1162 599 1206 quoniam
633 1173 700 1196 non
724 1171 870 1206 oporteat
901 1162 961 1195 ista
994 1161 1200 1206 distinguere,
1225 1173 1287 1206 que
1315 1161 1374 1196 sub
1402 1161 1521 1195 eodem

326 1220 415 1266 quod
439 1221 639 1265 premiserint
654 1232 772 1265 genere
787 1220 924 1255 debeant
945 1222 1117 1254 numerari.
1165 1232 1241 1254 narn
1263 1220 1341 1265 quid
1360 1220 1400 1254 de
1424 1231 1521 1254 occu·

327 1280 408 1324 patis
423 1279 620 1313 referamur?
659 1279 800 1324 quicum
814 1279 911 1313 nichil
926 1280 1049 1324 operari
1061 1291 1129 1313 non
1141 1279 1278 1324 possint;
1292 1290 1419 1323 semper
1435 1279 1522 1313 enim

328 1347 456 1382 oportet
478 1337 566 1382 quod
590 1337 706 1382 aliquid
731 1347 827 1382 agant
851 1337 877 1371 si
900 1338 1046 1381 occupati
1065 1346 1150 1378 sunt,
1175 1337 1264 1371 aliter
1286 1347 1394 1371 autem
1417 1337 1523 1371 forent

327 1396 435 1440 potius
456 1395 657 1439 negligentes
682 1404 715 1429 et
742 1395 863 1436 ociosi;
883 1395 991 1428 nescio
1015 1394 1184 1439 quomodo
1209 1395 1333 1439 possint
1363 1406 1438 1429 cum
1461 1395 1522 1436 his,

329 1454 369 1488 de
388 1454 502 1499 quibus
525 1454 654 1498 ipsimet
677 1453 899 1494 determinant,
925 1453 1077 1497 coniungi
1101 1453 1153 1487 vel
1180 1454 1278 1487 etiam
1302 1454 1449 1498 separari.
1496 1454 1523 1488 si

384 1567 402 1583 ι.
418 1559 454 1583 M²
468 1560 563 1583 refertur
568 1568 576 1587 ,-
594 1561 611 1583 1⁸1
624 1567 647 1582 re
658 1562 756 1589 espunto
769 1566 782 1582 e
796 1561 856 1589 dopo
870 1560 929 1582 idem
943 1560 975 1582 dd
989 1564 1014 1582 ut
1055 1561 1090 1589 at]
1104 1558 1135 1582 L³
1149 1559 1188 1582 sed
1215 1560 1236 1582 P
1247 1566 1274 1582 nc
1307 1560 1400 1582 VMeet
1454 1565 1476 1582 2.
1486 1558 1523 1582 Μ’

327 1600 423 1623 recensit
476 1609 500 1629 4.
514 1599 543 1623 Li
559 1600 671 1623 declaravi
713 1599 743 1622 L²
755 1607 799 1630 per
813 1607 841 1623 ne
855 1602 931 1623 scr-ive
945 1601 973 1622 de
1014 1599 1050 1622 M²
1065 1601 1101 1622 vel
1116 1600 1175 1622 vicio
1189 1601 1225 1622 vel
1236 1600 1287 1623 virt.
1343 1606 1364 1629 5.
1382 1600 1401 1622 V
1412 1603 1524 1623 mot-ante·

328 1640 365 1663 Μ2
379 1641 463 1663 occiosi
530 1641 551 1664 6.
573 1641 592 1663 V
602 1641 621 1663 si
635 1641 671 1663 isti
685 1641 746 1663 male
761 1647 805 1663 non
819 1647 856 1669 ag.
871 1641 910 1663 sed
951 1639 990 1662 M²
1005 1639 1128 1662 mortaliter
1196 1647 1218 1669 7.
1232 1640 1270 1662 LS
1280 1640 1312 1662 da
1326 1640 1385 1668 dopo
1400 1639 1419 1662 si
1433 1646 1465 1662 un
1478 1640 1524 1662 itm

329 1682 371 1704 che
384 1682 419 1710 fu
439 1684 543 1710 espunlo.
585 1682 640 1703 Vin
654 1682 726 1710 luogo
746 1682 773 1703 di
785 1681 803 1703 si
821 1680 853 1704 da
867 1681 906 1710 qui
947 1682 1053 1710 peccent]
1077 1679 1113 1703 Μ2
1134 1684 1228 1709 peccant
1268 1679 1298 1702 1)
1309 1680 1346 1702 Me
1365 1683 1481 1703 omeuono
1501 1684 1524 1702 et

329 1721 351 1744 8.
367 1720 402 1743 M1
416 1722 475 1749 dopo
494 1721 569 1743 dicent
586 1722 660 1749 ripere
674 1725 696 1743 et
710 1725 734 1743 ut
749 1720 795 1750 inq.
810 1721 868 1742 male
880 1727 917 1749 ag.
944 1727 972 1743 an
988 1720 1047 1742 forte
1060 1721 1103 1742 sol.
1118 1726 1180 1749 pecc.
1195 1720 1239 1742 dic.
1322 1726 1344 1749 9.
1362 1718 1399 1742 M²
1413 1719 1524 1748 periurio·

335 1761 353 1782 V
364 1767 404 1789 per
418 1760 478 1783 viros
494 1763 547 1788 (stc)
590 1760 627 1783 Μ)
642 1761 762 1789 sacrilegas
803 1759 838 1783 Μ’
853 1761 912 1789 dopo
927 1760 988 1783 fures
1002 1766 1066 1789 agg.
1081 1764 1103 1782 et
1161 1767 1195 1782 ιο.
1213 1760 1248 1782 VR
1262 1759 1361 1788 preditos
1439 1765 1472 1782 ιι.
1486 1757 1524 1781 Μ’

328 1803 413 1822 omem
427 1807 450 1823 se
465 1801 489 1822 in
504 1802 576 1829 luogo
589 1801 629 1822 del
640 1801 710 1828 quale
733 1801 752 1822 V
762 1806 823 1829 pone
841 1800 887 1822 fere
970 1806 1045 1823 11-12.
1066 1800 1085 1822 V
1096 1800 1209 1822 maculant
1292 1805 1327 1828 ¹⁵-
1342 1797 1372 1821 L²
1381 1799 1418 1821 Me
1434 1791 1524 1827 oportet

331 1840 363 1862 16.
376 1839 412 1862 M²
424 1840 573 1868 premiseruut
599 1841 636 1862 Me
648 1846 692 1869 per
705 1846 806 1863 erronea
820 1840 1014 1869 interpretazione
1027 1840 1089 1862 della
1103 1840 1169 1869 sigla
1183 1840 1211 1862 du·
1223 1846 1262 1868 pre
1276 1839 1368 1868 :eampo
1382 1838 1524 1867 perui-erint

327 1879 358 1901 [Δ
368 1879 404 1902 M¹
415 1879 453 1902 Μ2
467 1886 583 1902 numerare
681 1886 714 1909 ¹7·
728 1880 766 1902 Me
778 1880 870 1902 referam
912 1879 948 1902 W
964 1880 994 1902 nil
1034 1879 1073 1902 LS
1081 1879 1117 1902 Μ’
1131 1883 1227 1909 possunt
1239 1882 1343 1902 correuo
1357 1880 1396 1901 nel
1405 1879 1484 1908 prino
1498 1878 1524 1900 in

327 1920 415 1948 possint
497 1920 532 1943 18.
552 1920 588 1942 VR
601 1919 638 1942 vel
651 1924 697 1943 aut.
738 1920 775 1943 Ls
784 1919 820 1942 M¹
832 1919 868 1942 Μ2
878 1919 899 1942 Ρ
910 1920 965 1942 alias

328 2020 343 2036 α
356 2010 372 2025 “
380 2010 548 2046 Receperunt
557 2011 629 2038 enim
638 2011 793 2038 mercedem
803 2019 879 2038 suam
886 2010 902 2023 ”

330 2061 344 2076 α
357 2051 393 2086 [s.
401 2051 518 2079 Mum.
526 2052 572 2084 VI,
580 2060 606 2085 2,
618 2060 640 2087 5,
653 2051 711 2087 16];
723 2061 756 2079 ex
766 2060 820 2088 quo
830 2058 903 2087 patet

330 2103 344 2119 nt
357 2095 431 2130 quod
450 2101 537 2122 totam
556 2095 639 2122 vitam
655 2096 803 2122 amiserunt
815 2105 840 2122 u.

363 2135 405 2170 (1)
423 2135 488 2163 Non
503 2136 529 2163 ci
543 2141 636 2163 consta
645 2136 736 2163 donde
750 2136 902 2172 quest'opi-

325 2178 408 2204 nione
426 2177 523 2210 derivi;
542 2186 597 2211 ma,
615 2187 664 2214 per
685 2184 786 2214 quanto
806 2184 901 2206 attesta

325 2219 345 2246 il
362 2220 506 2253 Bmzrzn,
525 2229 570 2256 op.
590 2229 605 2247 e
623 2220 676 2248 loc.
701 2221 754 2254 cit„
772 2229 831 2248 essa
855 2230 901 2248 era

325 2268 432 2296 esposta
451 2268 491 2289 tra
516 2262 542 2289 le
567 2262 781 2298 interpretazioni
805 2263 850 2298 gia
869 2263 901 2289 da

324 2304 384 2331 altri
404 2305 540 2340 divulgare
559 2305 586 2332 di
604 2312 700 2341 questo
720 2314 800 2341 passo
814 2306 847 2332 da
861 2305 901 2333 fra

324 2346 477 2373 Domenico
499 2347 532 2373 da
559 2347 679 2375 Peccioli
705 2347 733 2374 in
761 2347 824 2384 quel
851 2356 900 2375 suo

324 2395 482 2416 commento
507 2389 560 2417 alle
587 2390 713 2427 Epistulae
739 2390 842 2418 Senecae
867 2390 901 2418 ad

783 2484 796 2493 a

947 2011 1084 2044 Lucilium,
1094 2011 1266 2038 mentionato
1276 2010 1338 2038 dall’
1345 2016 1440 2038 autore
1451 2009 1524 2038 della

947 2061 1061 2080 cronaca
1071 2053 1112 2080 del
1124 2059 1260 2080 convento
1278 2053 1304 2079 di
1318 2052 1346 2079 S.
1358 2052 1486 2080 Caterina
1496 2051 1523 2079 di

947 2094 1010 2121 Pisa
1017 2095 1109 2129 (Arch.
1116 2099 1168 2122 stor
1183 2095 1235 2122 ital.
1247 2095 1322 2128 1845,
1329 2094 1416 2127 to.vl‚
1423 2102 1479 2130 par.
1489 2093 1523 2127 11,

947 2145 971 2172 p.
985 2137 1057 2171 588),
1064 2137 1108 2164 del
1121 2137 1201 2173 quale
1211 2146 1246 2163 un
1257 2137 1351 2164 codice
1359 2136 1382 2163 si
1392 2144 1523 2163 conserva

946 2179 1018 2206 nella
1043 2179 1193 2206 Nazionale
1218 2179 1244 2206 di
1272 2179 1370 2214 Parigi.
1383 2178 1464 2206 Fonds
1476 2178 1523 2206 lat.

947 2222 1013 2257 8555
1023 2231 1030 2254 ;
1046 2221 1080 2248 cf.
1097 2221 1357 2254 Quzrff-Ecrmnn,
1367 2222 1458 2257 Script.
1467 2220 1522 2248 ord.

947 2263 1044 2295 Praed„
1062 2263 1411 2296 Lutet.-Par.unccxvm1‚
1424 2263 1446 2296 1,
1462 2270 1522 2298 77¹.

948 2305 1085 2339 Coluccio,
1096 2314 1176 2332 come
1186 2314 1217 2332 or
1227 2313 1275 2332 ora
1285 2306 1425 2338 vedremo,
1439 2312 1524 2332 aveva

945 2354 1040 2384 questo
1050 2354 1205 2375 commento
1214 2354 1287 2375 sotto
1296 2348 1333 2384 gli
1346 2347 1436 2381 occhi,
1446 2355 1523 2374 men·

945 2396 984 2418 tre
1003 2390 1110 2418 dettava
1129 2390 1155 2417 la
1173 2396 1305 2426 presente.

1551 885 1591 909 10

1552 1170 1590 1203 15

1550 1466 1594 1491 20
