1682 2762
116 884 156 909 10

115 1198 151 1231 15

110 1529 152 1553 20

109 1812 148 1846 25

113 2098 152 2131 30

453 227 501 254 DI
531 227 796 255 COLUCCIO
829 227 1102 255 SALUTATI.
1308 228 1370 262 231

184 351 326 385 motibus
349 351 494 395 agitatur,
518 351 614 384 remis
638 361 757 392 autem,
776 352 865 396 quasi
889 363 945 385 sue
969 351 1118 384 libertatis
1143 350 1281 391 arbitrio,
1304 361 1372 383 non

184 408 291 449 fertur,
314 409 371 442 sed
394 409 592 453 progreditur
621 419 652 443 et
682 409 874 454 quandoque
905 410 973 454 ipsa
1003 420 1156 443 sensuum
1186 407 1373 449 mobilitate,

183 467 276 501 sicuti
299 466 440 511 quodam
464 466 622 500 undarum
645 468 768 511 euripo,
792 467 925 501 trahitur
947 476 979 500 et
1002 476 1153 511 portatur.
1200 477 1323 506 verum,
1347 465 1373 499 si

183 525 312 558 rationis
334 524 563 569 gubernaculo,
578 524 676 558 veluti
699 526 790 559 navis
810 525 910 566 clavo,
927 525 1076 559 voluntas
1095 533 1204 558 nostra
1219 524 1373 568 dirigitur,

183 583 290 616 omnis
314 591 421 616 motus
445 582 599 622 eiusdem,
622 594 688 616 non
713 583 819 616 solum
843 583 956 624 illatus,
981 582 1037 616 sed
1069 583 1180 616 insitus
1207 591 1249 622 et,
1273 591 1308 616 ut
1330 583 1373 616 ita

182 640 302 684 loquar,
319 641 551 674 intercutaneus
570 641 740 685 regulatur.

248 697 288 730 Et
306 697 448 738 demum,
464 706 500 731 ut
518 697 612 732 huius
631 698 826 742 alieniloquii
844 698 972 732 tertium
992 697 1175 731 membrum
1194 697 1374 742 expediam,

182 765 292 788 nonne
322 752 415 789 Maro
445 764 555 789 noster
585 755 767 790 felicitatem
797 755 944 790 ultimam
976 767 1034 800 pro
1069 765 1162 800 captu
1188 755 1372 800 gentilitatis

182 813 344 857 expressit,
368 813 536 858 inquiens:

428 890 479 916 Per
498 890 588 916 varios
606 897 694 923 casus,
713 897 760 925 per
778 895 819 917 tot
836 889 991 917 discrimina
1010 897 1100 916 rerum

429 937 580 965 Tendimus
597 938 625 965 in
644 938 764 971 Latium,
777 938 856 965 sedes
875 938 921 964 ubi
939 937 994 964 fata
1012 937 1115 974 quietas

430 986 583 1014 Ostendant
593 987 641 1020 (¹);

181 1070 269 1115 quod
293 1079 326 1104 et
347 1070 418 1104 alibi
445 1071 626 1116 planissime
649 1071 763 1116 tetigit,
788 1083 827 1105 ex
850 1082 907 1105 sua
930 1082 1066 1116 persona
1089 1070 1216 1105 dicens:

428 1147 573 1174 Devenere
591 1146 667 1174 locos
682 1146 750 1177 letos
765 1153 791 1174 et
810 1155 906 1174 amena
922 1147 1005 1174 vireta

428 1195 636 1222 Fortunatorum
652 1203 797 1223 nemorum
817 1196 948 1232 sedesque
968 1197 1073 1229 beatas;

180 1287 213 1312 et
234 1277 358 1313 subdit:

426 1323 540 1359 Largior
558 1323 602 1350 hic
624 1332 736 1359 campos
755 1323 830 1351 ether
845 1330 872 1351 et
886 1324 990 1352 lumine
1008 1324 1088 1352 vestit

426 1372 574 1407 Purpureo,
592 1371 731 1408 solemque
750 1381 839 1406 suum,
859 1381 906 1400 sua
925 1373 1012 1400 sidera
1030 1379 1130 1401 norunt
1138 1373 1181 1401 (²).

179 1459 230 1493 hic
253 1468 362 1493 autem
377 1459 529 1504 loquendi
543 1459 661 1494 modus
677 1472 743 1494 non
768 1460 948 1495 humanum
964 1460 1089 1495 videtur
1112 1462 1293 1504 inventum,
1313 1462 1370 1496 sed

179 1516 324 1550 divinum
347 1517 453 1561 potius
475 1517 668 1558 institutum,
685 1518 770 1552 unde
793 1527 825 1552 et
843 1529 930 1552 sacre
955 1518 1066 1559 littere,
1090 1519 1179 1563 quasi
1203 1519 1369 1554 celestium

178 1583 211 1608 et
232 1574 415 1608 salutarium
438 1586 543 1609 rerum
560 1585 707 1610 sanctum
726 1575 1054 1620 perfectissimumque
1072 1587 1189 1621 poema
1206 1577 1266 1611 hoc
1285 1577 1369 1619 stilo,

178 1643 275 1677 quern
298 1643 415 1676 poema
438 1633 613 1677 profitetur,
637 1633 730 1667 nobis
761 1643 836 1668 sunt
868 1635 930 1668 Dei
961 1646 1094 1669 munere
1124 1635 1234 1668 tradite
1267 1645 1299 1669 et
1329 1636 1369 1670 ad

179 1699 322 1724 nostram
341 1691 584 1725 instructionem
602 1691 784 1726 mirabiliter
799 1693 946 1734 revelate,
967 1703 1002 1727 ut
1019 1693 1240 1728 obmutescere
1256 1693 1370 1728 debeat

178 1748 342 1792 garrulitas
365 1757 459 1793 atque
483 1749 658 1783 multorum
682 1751 866 1794 procacitas,
885 1751 940 1794 qui
956 1751 1134 1795 petulanter
1148 1750 1256 1785 ferunt
1277 1751 1316 1785 de
1335 1763 1369 1786 re

178 1805 236 1839 sibi
259 1817 326 1839 non
351 1815 428 1840 nota
457 1807 670 1848 sententiam;
693 1817 725 1841 et
746 1817 781 1842 tu
805 1819 871 1841 non
891 1809 994 1852 possis
1016 1809 1084 1842 iure
1107 1810 1270 1853 conqueri,
1294 1821 1368 1844 cum

178 1863 304 1904 habeas,
327 1864 415 1908 quod
438 1864 482 1898 rei
506 1873 572 1898 tam
596 1865 750 1899 eminenti
780 1875 812 1899 te
840 1877 919 1910 puer
942 1865 1075 1908 dederis,
1099 1867 1237 1911 gloriari.
1291 1867 1368 1901 illud

178 1921 264 1955 enim
287 1920 541 1956 adolescentulus
561 1932 722 1958 assecutus
741 1935 786 1965 e5‚
800 1924 888 1968 quod
905 1923 1031 1958 difficile
1048 1924 1142 1959 fuerit
1165 1926 1252 1959 alteri
1271 1926 1366 1960 etiam

176 1978 282 2023 longis
300 1980 497 2024 temporibus
521 1980 670 2025 adipisci;
693 1993 753 2016 nec
772 1982 868 2022 nosti,
892 1983 918 2016 si
937 1982 996 2016 sibi
1019 1991 1051 2016 et
1074 1992 1164 2017 tanto
1188 1983 1276 2017 dono
1300 1995 1367 2018 non

177 2034 271 2069 fueris
286 2036 440 2080 ingratus,
458 2036 535 2082 quid
553 2037 684 2072 tandem
703 2038 759 2072 tibi
779 2038 988 2083 dispositione
1006 2040 1134 2084 superni
1155 2041 1296 2074 numinis
1315 2041 1368 2081 sit,

178 2092 255 2127 dum
275 2094 378 2138 ipsam
401 2094 478 2128 colis
501 2095 666 2140 ipsamque
687 2097 837 2140 sequeris,
856 2106 1065 2131 reservatum.
1112 2098 1191 2132 vale.
1239 2097 1366 2132 decimo

178 2161 294 2185 octavo
317 2151 467 2186 kalendas
486 2153 651 2188 ianuarias.

233 2279 266 2297 n.
280 2274 335 2297 Coa.
350 2276 499 2298 ostenduntur
553 2283 590 2306 ²9.
605 2277 660 2300 Cod.
676 2277 714 2307 qui
729 2278 790 2300 und.
805 2277 844 2300 tibi
859 2277 967 2305 dispositi

213 2379 255 2414 (ι)
272 2379 362 2408 Vno.
381 2381 445 2408 Aen.
464 2381 484 2414 1,
504 2381 634 2412 ποι-306.
827 2383 870 2419 (2)
889 2383 979 2410 Vno.
998 2384 1060 2411 Aen.
1081 2383 1127 2417 VI,
1145 2383 1275 2420 638—641.

1400 703 1438 717 οτι
1457 697 1476 717 si
1493 703 1611 718 eeeennano

1400 725 1407 744 i
1420 724 1499 744 mutari
1507 723 1560 744 delle
1568 724 1611 745 viu

1400 750 1477 771 futura.

1419 1466 1521 1488 coucam
1529 1466 1608 1487 eonfo-

1396 1500 1430 1514 ιιι
1443 1494 1461 1514 ei
1476 1493 1526 1514 deve
1539 1499 1609 1514 came

1396 1521 1416 1541 h
1429 1521 1500 1548 poesia

1397 1586 1466 1607 divim
1480 1586 1608 1610 initiatione,

1397 1613 1483 1633 fecundi
1492 1613 1512 1632 di
1522 1612 1559 1632 alti
1567 1619 1608 1633 nm-

1396 1639 1557 1660 meur-menti.

1422 1816 1453 1837 Ed
1467 1823 1479 1837 ι
1487 1817 1516 1837 lui
1526 1823 1569 1837 non
1578 1822 1608 1836 re-

1395 1849 1428 1864 ne
1441 1843 1478 1864 ebe
1491 1843 1608 1870 rnllegnrsl

1396 1870 1416 1890 d·
1422 1870 1490 1890 nei-11
1508 1869 1606 1891 fneiullo

1395 1897 1529 1918 abbr-necinus.
