1682 2762
102 424 128 446 ed
147 423 189 446 nlla
207 423 315 447 concisius

102 451 123 473 di
137 451 170 475 chi
184 450 239 472 velle
258 457 314 477 spez-

101 478 257 500 uelint-imm
263 484 314 498 um-

102 512 136 533 pre
150 509 244 530 presente
257 504 274 525 il
288 504 314 524 ri-

102 533 173 553 cordo.

129 559 163 580 Mn
185 565 221 586 per
244 559 314 579 venire

101 585 122 609 ,Ι
140 590 240 614 soggetto
261 585 314 606 dell·

101 613 177 635 letter·
198 619 244 636 sun,
266 612 313 634 Raf-

102 640 164 664 fflello
173 645 230 662 tenta
239 639 258 660 di
269 645 314 660 scu-

344 238 408 277 §72
767 233 1108 265 EPISTOLAMO

342 363 489 403 tractari;
513 373 588 397 cum
615 361 718 395 homo
742 370 849 395 tamen
874 360 975 405 possit
1001 358 1040 393 ab
1070 359 1152 395 illius
1183 359 1312 395 unitatis
1342 359 1468 403 glutino
1487 369 1544 395 sua

342 421 542 466 malignitate
575 419 682 460 recidi,
703 427 854 455 manente
886 428 996 453 tamen
1021 418 1152 452 unionis
1187 429 1286 459 nexu,
1308 429 1374 462 quo
1399 418 1488 453 Deus
1512 426 1544 451 et

341 479 539 518 ‚conscientia
563 478 701 513 recisum
725 489 853 522 semper
874 485 1043 518 revocant,
1065 488 1195 521 semper
1217 476 1358 511 clamant
1390 485 1432 518 et,
1456 475 1545 510 velut

342 538 438 572 iudex
458 538 655 578 verissimus,
674 547 801 581 semper
820 535 987 570 damnant.
1033 534 1089 570 sed
1113 545 1148 569 ut
1171 534 1210 569 ad
1240 534 1273 570 id
1296 534 1385 579 quod
1409 533 1544 570 intendo

342 598 482 638 veniam,
513 607 588 630 cum
613 595 734 640 cogites
758 606 812 628 me
839 605 907 628 non
931 593 1066 638 probare
1095 593 1184 638 quod
1214 602 1249 627 tu
1281 602 1312 627 et
1342 593 1393 628 alii
1418 603 1543 628 novum

218 666 313 713 ,l‘⁰¹⁷‘⁵⁰
341 655 505 691 erexeritis
536 654 779 694 monasterium,
800 653 834 686 in
859 653 1103 689 excusationem
1126 651 1253 688 scribis:
1277 663 1353 686 cum
1377 660 1470 687 vetus
1491 651 1544 688 lex

101 693 212 721 pnssaggio
243 699 313 713 nuovo

101 728 136 742 mo
139 728 151 741 n
154 726 221 741 Ιδῑθῐῦ

224 735 230 744 ·
246 726 314 740 οων-
342 713 533 755 maledict03
552 724 618 758 quo
633 713 695 750 tuis
715 721 785 747 utar
804 711 926 752 verbis;
941 711 1067 745 addicat
1081 710 1224 747 sterilem
1239 722 1302 755 que
1321 721 1389 744 non
1405 710 1544 754 paritffl,

101 748 169 769 vando
191 754 201 767 c
217 754 228 767 e
250 753 272 767 se
294 746 314 767 1⁸

100 775 188 796 neritia
203 775 214 794 ὲ
233 775 314 801 ingrata

100 809 112 823 ι
126 802 176 826 Dio,
191 802 258 828 questi
273 807 313 822 non

100 829 127 849 ha
149 833 225 856 potuto
253 828 313 851 biasi-

100 862 155 876 mnre
165 855 184 875 ln
192 854 275 875 novell·
283 854 313 874 fe-

101 882 183 905 condita
207 881 262 902 dell·
280 888 313 902 re·

100 909 150 937 3012
165 908 312 930 amsldolene.

128 936 163 959 Mn
180 935 223 956 tale
246 935 316 956 secon-

100 963 144 985 ditl
158 964 170 983 ὲ
184 963 241 983 forse
250 969 314 990 opem

101 990 179 1014 divina,
205 989 271 1011 fruito
293 989 314 1012 di

102 1018 174 1042 carita,

104 1255 118 1269 o
127 1255 170 1269 non
197 1249 286 1268 iuttosto
297 1246 318 1267 di

104 1255 210 1296 discordia
217 1275 227 1295 ’ἒ

124 1422 224 1444 Rtfl'aello
229 1422 265 1442 edi
270 1428 319 1442 eon-

107 1450 183 1471 fntelli
207 1450 255 1470 suoi
308 1455 319 1468 e

106 1477 283 1498 nbbnndomrono

341 783 499 817 magnum
523 781 571 806 est
593 772 620 806 si
644 770 827 807 centenaria
850 770 903 807 illa
926 779 1028 804 mater
1047 770 1110 803 hoc
1129 778 1275 813 tempore
1291 768 1392 804 filiam
1410 768 1545 813 genuit?

341 830 404 864 hoc
435 830 552 875 inquis,
577 829 743 874 Raphael?
789 828 846 862 sed
869 840 926 877 per
950 828 1140 862 immortalis
1166 828 1228 863 Dei
1253 827 1455 862 maiestatem
1483 826 1545 868 dic,

342 901 466 934 precor,
481 900 548 933 quo
561 900 636 922 cum
648 889 715 932 ipsa
731 887 968 923 concumbente
980 897 1142 931 pregnans
1154 885 1236 920 facta
1249 885 1325 921 est?
1359 897 1398 919 an
1416 886 1546 921 caritate

344 948 407 985 Dei
421 957 452 982 et
467 947 618 992 proximi,
631 958 672 981 au
685 947 792 991 potius
807 946 1018 980 contentione
1034 954 1129 990 atque
1145 944 1328 979 discordia?
1373 944 1441 978 scio
1457 942 1547 988 quod

344 1018 411 1040 non
436 1006 576 1046 caritate,
597 1005 636 1039 de
659 1016 723 1049 qua
747 1005 900 1049 scriptum
925 1013 992 1037 est:
1019 1003 1130 1037 caritas
1159 1004 1284 1048 patiens
1315 1011 1373 1043 est,
1405 1001 1547 1046 benigna

344 1074 401 1106 est,
426 1075 494 1097 non
518 1063 687 1104 emulatur,
713 1074 779 1096 non
799 1062 866 1107 agit
884 1073 1062 1107 perperam,
1084 1073 1151 1095 non
1169 1060 1307 1101 inflatur,
1326 1071 1394 1094 non
1413 1068 1462 1094 est
1477 1070 1548 1093 am-

345 1122 470 1164 bitiosa,
495 1134 563 1159 non
587 1123 724 1157 irritatur
743 1131 774 1157 et
799 1131 902 1156 cetera
929 1132 991 1165 que
1012 1120 1147 1165 Spiritus
1174 1120 1312 1154 Sanctus
1328 1130 1383 1164 per
1401 1119 1468 1156 Vas
1483 1118 1549 1155 ele-

346 1183 471 1222 ctionis,
497 1194 572 1216 cum
595 1181 636 1215 ad
660 1180 859 1224 Corynthios
883 1179 1044 1220 scriberet,
1068 1179 1220 1213 revelavit
1235 1178 1281 1212 (³).
1328 1190 1397 1212 non
1421 1178 1548 1212 caritate

345 1252 506 1286 pregnans
530 1240 612 1274 facta
631 1249 689 1280 est,
709 1238 765 1272 sed
790 1238 959 1279 discordia,
982 1249 1045 1283 que
1061 1238 1231 1283 impatiens
1248 1246 1307 1278 est,
1328 1236 1470 1281 maligna
1489 1245 1548 1278 est,

345 1299 528 1339 emulatriX‚
551 1298 672 1339 inflata,
695 1309 795 1342 agens
820 1308 980 1342 perverse,
1009 1296 1103 1341 plena
1137 1295 1336 1337 ambitionis,
1367 1295 1547 1340 irrequieta,

346 1357 445 1391 nichil
469 1356 614 1402 cogitans
642 1356 702 1389 nisi
726 1355 850 1389 malum
874 1364 905 1389 et
924 1354 1068 1399 gaudens
1092 1366 1188 1399 super
1213 1354 1391 1399 iniquitate.
1439 1354 1548 1387 Deum

347 1416 491 1450 obtestor
520 1424 552 1449 et
583 1414 730 1449 celicolas
755 1425 880 1448 omneS.
927 1414 1007 1455 scio,
1029 1412 1096 1447 vidi
1127 1413 1282 1458 tetigique
1315 1411 1551 1458 turpitudinem

290 1476 319 1503 εἰ
347 1474 436 1508 illam
467 1485 530 1518 que
554 1484 614 1507 vos
637 1472 775 1509 seduxit.
822 1472 899 1516 quid
924 1472 1012 1506 enim
1036 1480 1071 1506 tu
1094 1481 1126 1505 et
1148 1471 1192 1505 illi
1226 1470 1428 1516 pretendistis
1451 1468 1551 1511 aliud,

106 1504 190 1531 Angeli,
200 1510 243 1524 uon
258 1510 283 1530 pn
312 1514 320 1518 -

106 1532 162 1552 tonsi
174 1531 207 1558 gil
218 1537 253 1558 per
263 1531 283 1550 vi
298 1536 320 1550 er

106 1559 141 1586 piu
155 1558 226 1586 quieti,

107 1599 128 1619 lu
152 1599 237 1626 poverttl
264 1604 297 1617 mu
313 1608 320 1612 -

108 1626 175 1653 giore,
189 1631 248 1645 come
262 1624 301 1645 affe

108 1659 179 1678 mmo,

349 1533 409 1565 nisi
427 1531 515 1576 quod
535 1532 679 1576 quietem
703 1530 884 1576 querebatis
904 1530 1014 1570 animi,
1044 1540 1144 1574 quam
1167 1530 1200 1562 in
1233 1528 1286 1562 illo
1310 1529 1412 1562 veteri
1442 1536 1550 1562 vestro

350 1590 563 1625 conciliabulo
587 1601 655 1624 non
670 1589 852 1624 haberetis?
897 1601 964 1623 non
985 1598 1050 1623 erat
1067 1587 1160 1622 vobis
1181 1599 1255 1622 cum
1274 1587 1470 1632 sumptuosis
1484 1586 1551 1622 edi-

349 1649 439 1690 ficiis,
463 1650 594 1694 picturis
618 1649 775 1693 parietum
799 1657 854 1682 aut
884 1659 959 1681 cum
984 1646 1082 1688 libris,
1104 1645 1231 1690 quibus,
1255 1654 1292 1680 ut
1321 1645 1467 1686 scribitis,
1491 1644 1552 1678 ini-

349 1708 440 1742 tiales
464 1707 566 1742 littere
591 1717 669 1741 auro
686 1706 884 1751 diversisque
899 1705 1059 1739 coloribus
1075 1704 1227 1738 adornate
1241 1714 1317 1738 sunt
1331 1704 1378 1747 (³),
1393 1703 1457 1739 ulla
1465 1697 1550 1739 'con-

406 1818 424 1834 ι.
440 1809 476 1834 Μ2
492 1810 522 1832 sit
539 1816 583 1838 per
600 1809 670 1838 possit
743 1817 768 1837 4.
784 1809 837 1832 M-C
849 1811 935 1832 omeue
949 1808 1028 1830 veriss-
1101 1814 1133 1829 ιο.
1149 1807 1167 1829 L
1181 1813 1251 1836 preco
1321 1813 1355 1830 ιι.
1369 1807 1451 1836 atque]
1464 1805 1519 1828 MC
1529 1809 1552 1833 gt

353 1853 385 1875 ιδ.
401 1851 439 1874 M²
451 1857 495 1880 per
505 1850 544 1873 sed
554 1850 586 1873 dd
596 1857 620 1873 se
657 1850 710 1873 M·C
724 1850 763 1873 sed
778 1856 890 1880 pregnans
901 1849 962 1872 factu
973 1853 1005 1872 est
1015 1849 1072 1873 disc.
1126 1854 1161 1871 21.
1173 1846 1206 1870 6¹
1215 1850 1302 1870 omeue
1311 1847 1373 1877 quod
1427 1853 1462 1870 π.
1471 1846 1490 1869 Α
1499 1853 1552 1871 οω-

350 1892 491 1922 sumptuosis
546 1898 583 1921 ²3.
597 1891 615 1913 A
630 1892 691 1921 dopo
706 1891 767 1914 libris
781 1891 844 1914 dana
858 1890 950 1920 quidem
963 1891 1007 1913 che
1016 1890 1052 1919 su
1067 1890 1205 1912 cancelmo.
1247 1887 1283 1911 ΔΡ
1291 1887 1324 1911 G¹
1339 1887 1419 1915 ncn'bis

386 1992 428 2028 (ι)
450 1991 492 2019 Cf.
512 1993 571 2026 Ion,
589 1991 691 2025 XXIV,
711 1991 765 2019 21?

387 2035 429 2071 (2)
449 2036 477 2062 S.
497 2036 586 2062 ΡΑυῐ..
606 2035 617 2061 Ι
638 2034 698 2062 Cor.
717 2034 791 2067 XIII,
810 2041 872 2069 4—7.

386 2078 428 2114 (3)
448 2071 469 2104 E
489 2083 556 2104 noto
576 2086 656 2104 come
675 2077 694 2104 il
713 2082 868 2104 monastero
888 2076 929 2103 de-

350 2120 388 2156 gli
407 2120 507 2156 Angeli
526 2119 639 2147 andasse
654 2119 813 2155 orgoglioso
828 2118 857 2145 di
871 2127 930 2154 pos-

349 2162 442 2190 sedere
455 2171 510 2190 una
522 2168 651 2190 sontuosa
663 2161 813 2189 collezione
828 2161 854 2188 di
868 2161 929 2188 libri

349 2205 466 2241 liturgici
484 2205 724 2233 eccellentemente
743 2204 828 2231 scritti
846 2211 862 2231 e
881 2204 930 2231 mi-

349 2249 428 2282 niati;
454 2255 496 2277 tra
520 2249 530 2276 i
555 2248 627 2285 quali
653 2257 736 2276 erano
765 2253 928 2283 soprattutto

349 2291 580 2318 d'ammirazione
608 2290 762 2318 meritevoli
789 2290 799 2317 i
823 2299 838 2318 «
853 2291 928 2318 venti

351 2343 366 2358 «x
379 2334 452 2369 pezzi
472 2333 644 2369 grandissimi
659 2333 686 2360 di
701 2333 761 2360 libri
777 2333 809 2360 da
823 2341 889 2360 coro
901 2343 928 2365 n,

349 2376 432 2402 scritti
442 2376 470 2403 di
480 2376 589 2412 proprio
599 2384 692 2412 pugno
702 2376 735 2403 da
747 2375 816 2403 frate
827 2375 928 2411 Iacopo

349 2418 376 2444 di
389 2418 409 2444 F
411 2427 538 2447 raneesco
547 2417 594 2447 del
607 2417 707 2454 popolo
716 2418 743 2445 di
754 2418 782 2446 S.
794 2417 928 2452 Lorenzo,

976 1999 1032 2018 uno
1040 1991 1084 2019 de’
1092 1991 1138 2027 piu
1148 1990 1246 2019 famosi
1260 1989 1390 2026 calligmfi
1403 1989 1447 2017 del
1458 1995 1552 2025 tempo

975 2042 1025 2061 suo
1045 2035 1078 2068 (1-
1098 2041 1131 2061 22
1151 2033 1237 2069 luglio
1256 2032 1345 2069 1396),
1361 2041 1376 2060 e
1390 2031 1512 2059 decorati
1526 2031 1553 2059 di

975 2076 1120 2103 miniature
1130 2076 1163 2103 da
1176 2075 1216 2102 fri
1227 2075 1357 2102 Silvestre
1367 2074 1553 2102 Ghemducci

974 2119 1008 2153 (ὶ-
1031 2127 1042 2153 ς
1063 2118 1168 2147 ottobre
1190 2118 1285 2153 1399);
1303 2116 1337 2144 α’.
1353 2117 1421 2144 Am
1435 2115 1554 2145 Camala.

974 2161 1023 2193 VI,
1047 2162 1108 2197 189;
1137 2160 1172 2189 G.
1190 2161 1308 2193 Vnstuu,
1330 2160 1366 2187 La
1387 2161 1439 2187 viu
1456 2158 1493 2186 ἀί
1505 2159 1554 2195 pini

974 2203 1097 2231 eccellenti
1118 2204 1211 2239 putori
1235 2204 1293 2234 stc..
1319 2210 1373 2229 con
1397 2209 1488 2229 nuove
1509 2209 1555 2228 an·

973 2246 1114 2274 notazioni
1124 2246 1151 2273 di
1162 2245 1196 2273 G.
1204 2245 1338 2278 Milanesi‚
1346 2244 1467 2276 Firenze,
1477 2243 1554 2278 1878,

974 2288 1007 2322 11,
1027 2296 1057 2316 21
1079 2297 1139 2324 sgg.
1177 2288 1260 2317 D'un
1279 2287 1348 2315 altro
1366 2285 1553 2322 apertissimo

973 2331 1128 2364 miniatore,
1143 2331 1245 2359 vissuto
1259 2330 1304 2358 nel
1324 2329 1440 2358 cenobio
1453 2328 1555 2366 nu}-

972 2374 1067 2403 dolese
1088 2382 1168 2402 verso
1192 2374 1252 2410 que'
1266 2373 1365 2409 giomi,
1384 2372 1420 2401 D.
1438 2372 1554 2401 simone

974 2416 1088 2450 sienni,
1107 2417 1131 2443 si
1149 2423 1356 2445 conservavano
1374 2423 1441 2451 pure
1452 2414 1481 2442 in
1493 2421 1554 2443 ano
