1682 2762
87 862 126 886 10

85 1146 122 1179 ¹5

81 1438 124 1463 20

79 1766 120 1801 25

431 212 479 239 DI
506 212 770 242 COLUCCIO
803 213 1078 241 SALUTATI.
1287 214 1344 247 191

158 333 253 367 sarias
285 345 382 378 quam
412 334 465 367 illa
496 346 558 379 que
591 344 712 369 certum
744 343 793 369 est
821 334 927 369 solum
958 343 994 369 ut
1022 334 1127 368 fistule
1159 333 1349 367 deservire?

157 390 329 425 absurdum
353 400 400 425 est
422 391 503 433 hoc;
526 393 587 426 nisi
611 392 743 427 forsitan
774 393 813 427 ad
842 392 943 427 nubes
973 392 1152 437 gignendas
1175 401 1207 426 et
1224 391 1348 436 pluvias

156 449 394 493 principaliores
413 460 482 484 esse
501 450 675 485 dixerimus
699 461 779 485 terre
798 451 1015 485 concavitates
1030 459 1062 484 et
1083 451 1185 495 ipsam
1206 449 1348 484 cedentis

156 507 235 540 aeris
261 507 432 549 raritatem,
458 519 515 552 per
537 519 614 552 quas
638 509 790 543 humidos
808 520 943 553 vapores
966 508 1043 543 radii
1066 509 1184 543 solares
1208 508 1349 548 eliciunt,

155 575 252 609 quam
283 565 360 599 solis
388 566 488 610 ipsius
518 577 643 611 corpus,
668 568 758 601 cuius
781 567 899 600 actioni
923 567 1124 611 perspicuum
1155 576 1203 600 est
1233 575 1348 600 cuncta

153 633 216 667 que
245 623 410 667 tetigimus
438 623 595 658 famulari.
641 624 727 658 unde
749 624 902 669 quicquid
925 636 943 657 a
966 633 1010 665 te,
1037 623 1132 658 frater
1157 625 1291 669 optime,
1312 626 1346 658 in

153 680 377 715 conclusiones
395 681 475 722 illas,
498 693 576 726 quas
591 681 740 723 admiror,
757 682 910 727 scripturn
929 692 986 724 est,
1007 682 1111 716 donec
1129 682 1219 716 aliter
1234 682 1345 716 admo-

153 735 287 775 neat,7si
311 744 419 769 tamen
443 745 491 769 est
518 735 665 769 credibile
688 747 782 780 posse
809 737 1002 770 contrarium
1029 736 1250 777 demonstrari,
1278 747 1345 770 non

152 792 259 826 solum
273 793 389 837 opinor
407 794 621 835 verissimum,
633 793 690 827 sed
702 793 837 827 affirmo.
884 803 915 828 et
927 793 1034 828 forsan
1046 794 1171 828 illarum
1183 794 1343 827 rationum

153 849 260 895 fulgor
273 859 304 884 te
323 850 363 884 ad
383 850 414 885 id
436 863 504 896 quo
527 851 674 885 desidero
691 860 723 885 et
739 851 831 886 altius
846 863 944 896 quam
962 861 1110 896 expectas
1129 851 1342 896 promovebit.

219 908 527 952 Irreligiosissimum
551 918 659 943 tamen
685 911 866 953 Averroym
886 921 954 943 non
976 910 1044 943 sine
1063 919 1154 943 motu
1176 909 1344 943 cachinna-

152 965 248 1000 tionis
268 965 417 1006 admiror,
433 967 487 1011 qui
507 978 582 1000 cum
603 966 642 1000 de
661 968 732 1001 Deo
751 976 783 1001 et
805 968 912 1001 anime
932 968 1098 1001 eternitate
1116 967 1254 1011 pessime
1272 979 1345 1000 sen-

152 1024 238 1064 serit,
257 1023 297 1057 ad
321 1035 418 1068 quem
436 1024 570 1059 refertur
588 1034 701 1059 cuncta
719 1026 844 1070 religio,
865 1025 949 1059 illius
968 1025 1153 1060 muliercule
1180 1024 1346 1059 crediderit

152 1082 343 1123 iuramento,
359 1094 421 1127 que
438 1094 472 1116 se
486 1083 616 1117 iactavit
630 1095 669 1117 ex
684 1085 804 1118 emisso
823 1093 934 1117 contra
952 1093 1099 1118 naturam
1114 1084 1238 1118 semine
1257 1084 1290 1117 in
1309 1083 1345 1117 li-

152 1138 227 1173 velli
243 1139 358 1174 balneo
377 1141 572 1185 concepisse,
585 1141 646 1175 nisi
661 1140 793 1175 forsitan
806 1141 909 1186 ipsam
926 1142 1069 1175 timuisse
1084 1142 1243 1186 putaverit
1258 1141 1346 1186 quod

152 1197 218 1242 ipse
239 1199 366 1242 penitus
390 1197 615 1232 deridebat(¹>:
640 1209 675 1233 ut
694 1199 861 1233 mimicum
879 1199 986 1244 potius
1005 1199 1038 1233 id
1060 1211 1156 1244 quam
1176 1199 1346 1245 physicum

151 1255 191 1289 sit
214 1254 422 1290 censendum.
467 1257 538 1300 quis
563 1257 650 1290 enim
678 1255 758 1291 ferat
785 1257 924 1292 cuiusvis
948 1257 1143 1291 auctoritatis
1167 1258 1273 1291 virum
1298 1268 1346 1290 as-

151 1323 310 1348 serentem
333 1314 488 1348 emissum
510 1326 622 1348 semen
638 1315 818 1350 humanum
837 1316 870 1349 in
893 1326 975 1360 aqua
995 1315 1166 1360 sulphurea
1187 1315 1238 1349 vel
1258 1316 1346 1350 alteri

150 1372 307 1416 permixta
330 1372 533 1407 mineralium
557 1373 661 1407 taliter
683 1374 874 1415 conservari,
894 1374 981 1419 quod
1005 1385 1023 1407 a
1045 1374 1178 1408 matrice
1201 1385 1257 1418 per
1280 1373 1345 1408 bal-

151 1441 248 1464 neum
269 1431 434 1475 evagantis
458 1430 496 1465 ad
513 1441 686 1476 conceptus
703 1431 876 1473 efficaciam
892 1432 1086 1466 attrahatur?
1132 1433 1197 1466 iam
1216 1432 1346 1467 ulterius

150 1487 301 1532 procedat
323 1487 469 1530 audacia3
493 1488 698 1534 dicamusque
721 1490 811 1524 virile
834 1501 946 1524 semen
961 1501 1055 1534 posse
1070 1490 1227 1531 sufficere,
1247 1499 1282 1524 ut
1300 1502 1346 1524 ra-

149 1544 269 1578 tionale
301 1545 420 1579 animal
442 1545 494 1579 vel
517 1546 615 1590 ipsius
646 1558 726 1592 aque
754 1547 817 1588 vel,
842 1556 876 1581 ut
899 1547 1023 1592 poetice
1049 1548 1172 1592 loquar,
1194 1547 1346 1582 Thetidis

150 1602 276 1646 gremio
294 1602 487 1647 producatur
509 1613 542 1638 et
559 1604 605 1638 sic
628 1604 750 1638 nedum

381 1678 510 1716 Gensque
528 1679 615 1706 virum
634 1679 734 1707 truncis
753 1686 780 1708 et
798 1680 866 1708 duro
885 1680 980 1708 robore
999 1687 1062 1708 nata
1075 1680 1110 1708 (τ)

149 1762 236 1795 iuxta
250 1761 371 1796 fabulas
385 1761 526 1807 prodeat,
545 1762 602 1797 sed
618 1763 726 1798 calidis
741 1763 837 1798 etiam
856 1774 1027 1809 generetur
1042 1776 1146 1799 mersa
1160 1764 1219 1799 sub
1236 1765 1342 1800 undis.

149 1819 209 1853 hec
231 1820 319 1854 satis.
366 1829 400 1854 tu
424 1820 495 1854 vale
518 1830 550 1854 et
568 1832 662 1865 parce
680 1821 708 1855 si
726 1821 855 1866 longior
877 1821 935 1863 sui,
958 1834 1045 1863 nam,
1062 1833 1098 1857 ut
1118 1823 1151 1856 in
1170 1824 1245 1857 trito
1267 1835 1342 1868 pro-

148 1876 260 1911 verbio
283 1877 382 1922 vulgo
409 1877 534 1920 dicitur,
553 1890 593 1912 ex
618 1879 830 1913 harundineto
854 1878 980 1914 difficile
998 1889 1104 1925 potest
1127 1881 1231 1915 exitus
1250 1881 1342 1915 inve·
1369 1888 1405 1908 μ’

149 1934 262 1968 niri(³).
309 1934 480 1976 Florentie,
503 1945 617 1981 quarto
636 1935 706 1971 idus
728 1937 881 1982 quintilis.

203 2042 223 2058 ι.
237 2036 294 2059 Cud.
309 2036 393 2059 fistula·
453 2036 476 2060 8.
491 2036 548 2059 Cod-
562 2041 642 2060 eontra
655 2037 740 2066 optime
754 2037 777 2060 in
791 2038 949 2062 conclusione·
966 2038 1029 2066 illu.-
1047 2045 1148 2062 erronea
1161 2039 1299 2069 &petitione
1314 2040 1342 2063 dd

146 2076 229 2105 parole
242 2075 288 2105 gila
302 2077 392 2102 terim.
406 2077 449 2100 che
462 2077 481 2099 1¹1
492 2077 592 2106 coplata,
603 2078 781 2106 amdutoeene,
792 2079 906 2107 cancella,
917 2079 1094 2108 agglungendo
1107 2085 1122 2102 a
1137 2083 1215 2102 contra
1230 2080 1254 2102 la
1261 2079 1339 2109 finale

147 2115 205 2139 rium
261 2123 293 2143 ις.
309 2116 365 2139 God-
380 2117 461 2140 emina
516 2117 554 2140 28.
569 2117 626 2141 Cod.
641 2122 721 2147 quam

763 2208 801 2234 mi
813 2207 898 2235 riesce
911 2207 1004 2235 chiaro
1017 2208 1069 2235 che
1081 2207 1172 2243 voglia
1185 2207 1338 2243 significare

765 2259 779 2275 κ
792 2249 921 2276 balneum
946 2249 1030 2276 livelli
1043 2259 1068 2283 ιο,
1088 2258 1118 2277 se
1141 2258 1205 2285 pure
1224 2250 1244 2277 il
1268 2256 1338 2278 testo

764 2300 820 2319 non
839 2293 855 2319 ὲ
870 2292 916 2328 qui
935 2298 1064 2320 corrotto.

799 2334 841 2368 (2)
861 2334 950 2362 Vane.
970 2334 1033 2361 Am.
1052 2334 1126 2367 VIII,
1143 2342 1201 2370 3¹5·

800 2376 842 2412 (3)
862 2376 970 2408 Questo
996 2377 1138 2413 proverbio
1161 2385 1218 2405 non
1242 2377 1265 2405 si
1282 2378 1336 2406 rin·

182 2206 226 2242 (1)
244 2206 275 2234 In
293 2215 409 2234 necsuna
422 2213 497 2243 parte
512 2208 555 2235 dei
571 2207 718 2235 commenti

147 2249 303 2277 d’Averroe
322 2251 348 2277 ai
366 2250 454 2278 Parva
476 2250 607 2278 naturalia
625 2250 677 2278 ebe
695 2251 718 2278 si

146 2296 261 2318 trovano
279 2291 343 2319 nell’
353 2291 475 2319 edizione
493 2300 526 2319 or
538 2292 618 2319 citata
629 2292 658 2319 di
669 2292 719 2320 Ve-

146 2333 223 2360 netia
237 2333 273 2360 m'
285 2334 300 2360 ὲ
314 2339 416 2361 venuto
435 2333 502 2361 fatto
525 2334 552 2361 di
567 2333 675 2370 leggere
693 2334 718 2361 12

147 2373 267 2402 storiella
285 2375 332 2411 qui
349 2381 530 2403 rammentata
548 2375 593 2403 dal
611 2375 640 2403 S.
677 2376 718 2404 Ne

275 2416 288 2430 Ι

1401 621 1475 643 siccine
1485 626 1496 642 ο
1506 621 1555 642 lod-
1568 621 1588 642 le

1376 647 1508 669 conclusioni
1545 648 1588 669 del-

1375 674 1463 696 l'nmieo

1376 796 1388 811 e
1413 797 1463 812 ena
1489 791 1514 812 da
1542 798 1587 813 ene

1375 818 1470 845 presagio
1497 818 1518 839 di
1542 819 1588 846 glo-

1374 844 1432 891 ἷίυῖω
1446 846 1541 866 :vv-nin
1551 853 1588 873 per

1411 909 1492 932 chind-
1519 911 1586 932 facen-

1375 937 1420 958 doni
1443 937 1495 959 δεῦε
1516 939 1536 958 d'
1547 945 1588 959 mu

1376 964 1480 985 inendibu
1501 964 1588 986 suveln-

1375 995 1397 1011 ιι
1415 991 1496 1012 necoiu
1514 992 1540 1012 dn
1559 993 1587 1013 A·

1375 1019 1460 1043 νεποὲς

1369 1828 1394 1848 ed
1407 1828 1504 1849 invi-ndo
1517 1828 1554 1849 au'
1562 1835 1582 1849 ι·

1369 1855 1424 1875 mico
1432 1855 1494 1875 ulmi
1503 1861 1514 1875 ε
1521 1862 1582 1876 scm

1412 1881 1530 1902 l'eceendn
1536 1882 1582 1903 lna-

1384 1908 1444 1928 heu·
1454 1908 1582 1936 dell’epino·

1378 1941 1398 1956 ι.
