1682 2762
333 228 399 260 610
759 228 1108 257 EPISTOLARIO

334 373 392 406 pro
416 359 629 394 eruebant
652 357 784 402 quidem
809 357 958 400 cogimur
980 355 1140 390 ruebant
1163 366 1336 395 assumere,
1361 355 1542 388 mutatione

334 418 596 459 constructionis,
614 429 656 451 ne
675 416 764 462 quod
791 416 974 450 absolutum
994 424 1042 449 est
1060 414 1115 448 fiat
1133 423 1238 459 preter
1255 415 1414 448 rationem
1435 424 1542 458 gram-

335 479 452 512 matice
483 477 696 511 transitivum.
743 474 832 520 quod
859 474 991 519 quidem
1016 485 1056 508 ex
1084 485 1125 508 eo
1159 473 1361 518 permittitur,
1385 471 1542 517 quoniam

334 535 529 582 significatio
553 546 621 568 non
645 543 797 568 mutatur.
843 533 932 567 idem
956 532 1044 567 enim
1069 531 1253 576 significant
1275 543 1345 565 ruo
1369 539 1402 564 et
1425 541 1543 570 erue,

120 605 154 625 Ne
163 610 250 625 octone
260 609 308 624 eon-
334 596 408 630 licet
436 594 574 628 modum
604 593 768 628 diversum
797 592 936 626 habeant
966 591 1185 626 construendi.
1232 603 1292 625 nec
1315 590 1423 624 solum
1443 589 1543 635 signi-

95 632 171 652 :ider-r
185 630 278 651 solunte
293 629 307 650 il

94 657 307 687 ⁸¹8¹¹³⁶⁶⁸¹⁰d‘¹¹‘⁹··
337 655 520 688 ficationem
539 652 738 687 considerare
754 661 891 696 oportet,
907 651 964 685 sed
983 651 1222 695 proprietatem,
1243 661 1303 684 nec
1322 649 1406 683 hanc
1426 648 1545 689 solum,

94 686 148 710 role,
168 692 201 706 ma
221 684 241 705 la
261 690 308 714 pro-

119 714 160 733 ieu
174 719 186 732 e
197 712 261 736 l'uuo,
273 718 307 732 co-

94 720 266 767 gfflmerdm
280 745 308 758 u„
335 714 391 748 sed
417 713 722 758 appropriationem,
746 723 809 756 que
833 720 881 745 est
905 709 1147 744 consuetudinis
1174 709 1350 753 usurpatio.
1397 719 1485 749 narn,
1509 716 1546 741 ut

93 766 307 821 ffffiezhissffw
336 774 399 808 hoc
434 773 556 807 clarum
591 771 741 813 efficiam,
775 770 978 815 nequicia
1011 770 1204 815 proprietate
1224 769 1384 803 sermonis
1408 768 1546 813 impo-

335 831 471 866 tentia
501 839 565 870 est;
597 829 763 864 descendit
794 829 893 869 enim,
923 829 1005 862 sicut
1035 827 1170 862 arbitror
1200 837 1231 861 et
1266 826 1362 861 facies
1396 825 1547 860 dictionis

95 901 309 951 13¹·qun1pnrglmi·
336 888 487 930 ostendit,
505 899 523 921 a
542 899 723 932 nequeo,
743 887 807 928 vel,
823 895 858 920 ut
879 886 929 920 alii
947 885 1072 926 volunt,
1092 897 1110 919 a
1129 885 1288 926 nichil,
1305 884 1394 930 quod
1410 884 1547 929 quanvis

95 936 212 1005 Ξὲζεζιῖἕεὲ
223 934 309 976 dxii?-
336 949 370 982 in
390 947 478 982 idem
492 946 622 987 recidat,
637 946 792 991 quoniam
810 945 896 979 nulla
913 945 1057 989 potentia
1073 944 1175 988 possit
1191 943 1254 977 hoc
1270 942 1359 988 quod
1374 952 1422 976 est
1437 941 1547 983 nichil,

180 999 186 1009 ’
337 1005 440 1050 placet
471 1004 569 1038 michi
599 1013 710 1038 tamen
742 1003 845 1047 magis
876 1002 966 1046 quod
989 1013 1008 1034 a
1035 1012 1186 1046 nequeo
1218 1000 1390 1040 derivetur,
1414 999 1486 1033 licet
1515 999 1548 1032 in

338 1063 440 1108 prima
474 1061 595 1106 syllaba
627 1071 757 1105 tempus
791 1068 904 1101 mutet,
938 1059 1007 1093 sive
1039 1059 1148 1092 veniat
1181 1069 1199 1091 a
1233 1057 1376 1091 nichil
1409 1056 1479 1090 sive
1509 1055 1550 1089 de

98 1133 146 1154 dnn'
156 1132 233 1153 indic-r
253 1139 263 1150 .
273 1131 311 1151 im·
339 1133 360 1155 n
371 1133 388 1154 e
398 1132 418 1166 q
428 1133 448 1154 u
461 1132 478 1154 e
489 1132 509 1154 o
533 1118 781 1165 propagetur(¹).
824 1117 1080 1162 appropriatione
1096 1127 1174 1150 vero
1191 1114 1434 1149 consuetudinis
1450 1113 1550 1158 signi-

101 1169 110 1180 ι
118 1165 207 1188 potenza
214 1167 234 1184 ο,
245 1160 257 1179 ὲ
267 1164 311 1186 pu-

99 1187 311 1242 ffzegeffiqfigrg
339 1180 415 1214 ficat
438 1190 537 1213 omne
560 1187 740 1223 peccatum,
765 1177 921 1222 quoniam
945 1187 1087 1221 peccare,
1111 1177 1194 1209 sicut
1217 1174 1326 1215 nichil,
1351 1174 1397 1207 sic
1421 1183 1551 1207 summa

101 1248 195 1268 uno»,
339 1238 532 1283 impotentia
551 1246 608 1271 est.
655 1236 777 1270 etenim
800 1233 954 1280 quicquid
978 1242 1136 1279 peccatur,
1157 1242 1192 1267 ut
1213 1243 1346 1277 peccare
1365 1230 1552 1265 deformitas

341 1305 400 1337 est,
416 1294 607 1336 deficiendo,
627 1306 694 1328 non
714 1292 884 1327 efficiendo
904 1292 1128 1326 committitur.
1170 1290 1208 1324 fit
1227 1289 1380 1334 equidem
1401 1297 1502 1329 actus,
1517 1288 1551 1322 in

341 1366 407 1400 quo
431 1363 600 1400 peccatum
625 1353 854 1393 committitur;
877 1362 1009 1396 peccare
1029 1362 1107 1384 vero
1127 1361 1196 1383 non
1221 1359 1269 1383 est
1290 1349 1351 1382 nisi
1376 1347 1415 1381 ab
1438 1346 1553 1382 ordine

342 1415 422 1459 legis
450 1422 558 1448 eterne
579 1411 715 1446 deficere
745 1422 814 1445 non
837 1409 998 1451 faciendo,
1028 1409 1151 1443 scilicet
1179 1407 1358 1452 inagend0,
1381 1405 1471 1452 quod
1499 1405 1554 1440 illa

343 1471 516 1518 prescribit.
564 1470 653 1516 quod
672 1470 804 1515 quidem
828 1481 903 1503 cum
924 1468 1030 1502 nullus
1050 1477 1139 1501 actus
1158 1468 1210 1508 sit,
1231 1466 1287 1500 sed
1306 1477 1385 1511 pura
1404 1465 1553 1510 privatio,

344 1531 463 1565 nullius
480 1541 611 1575 prorsus
631 1538 678 1562 est
693 1528 848 1573 potentie,
868 1526 936 1567 sed,
955 1526 982 1560 si
1001 1525 1313 1570 circunspexerimus
1327 1524 1476 1569 pressius,
1493 1523 1556 1556 im-

104 1613 116 1627 e
143 1605 214 1639 quamn
244 1604 315 1629 mehe,
345 1590 488 1636 potentie
519 1588 581 1622 dici
609 1587 703 1622 debet
722 1587 767 1621 (²).
814 1595 967 1631 tantaque
997 1585 1046 1619 vis
1073 1594 1122 1619 est
1145 1595 1233 1625 usus,
1256 1594 1355 1628 quem
1386 1572 1495 1627 penes,
1518 1589 1555 1615 ut

104 1632 236 1685 {iiiiiiwf'h
259 1632 317 1652 ἴσω
346 1648 450 1693 inquit
473 1647 616 1687 Flaccus,

638 1699 777 1727 arbitrium
797 1705 838 1726 est
856 1704 883 1725 et
901 1698 943 1725 ius
958 1704 985 1725 et
1004 1705 1102 1724 norma
1121 1696 1253 1732 loquendi
1263 1695 1307 1728 (³),

348 1783 437 1829 quod
461 1783 554 1817 altius
578 1781 787 1815 sentientium
812 1792 885 1814 mos
904 1780 944 1813 sit
963 1791 1086 1813 nomen
1111 1777 1195 1812 istud
1218 1776 1418 1822 nequicia
1441 1775 1480 1809 ab
1503 1775 1557 1809 illa

106 1869 148 1884 ιο,
163 1862 213 1890 ogni
227 1866 320 1889 petum,
349 1854 447 1888 quam
471 1841 673 1887 premisimus
698 1839 902 1874 universitate
926 1838 1090 1872 traducere
1114 1846 1145 1870 et
1169 1847 1225 1881 per
1244 1837 1349 1880 ipsum
1369 1846 1435 1869 non
1456 1845 1556 1868 omne

107 1897 142 1910 mn
160 1889 217 1910 uello
225 1888 320 1909 solunte

108 1917 129 1937 ai
142 1917 157 1938 ιι
171 1916 233 1941 mine,
349 1910 529 1946 peccatum,
546 1899 602 1933 sed
618 1898 722 1932 solam
739 1897 926 1938 libidinem;
946 1895 1042 1930 credo
1061 1896 1137 1940 quia
1155 1895 1262 1928 minus
1282 1903 1393 1928 contra
1418 1892 1557 1927 carnales

349 1959 511 2005 possimus
535 1957 714 1998 illecebras;
738 1956 800 1990 isto
825 1956 959 1989 nomine
990 1954 1143 1988 denotare
1167 1953 1212 1987 (⁴).
1259 1963 1325 1997 quo
1355 1963 1452 1986 sensu
1476 1951 1501 1984 F
1514 1961 1557 1984 a·

404 2080 455 2103 2-3·
471 2073 508 2095 Me
521 2071 681 2102 grammatices
743 2076 766 2098 7.
782 2068 815 2092 Νι
831 2075 940 2097 usurpare
998 2074 1033 2091 ιο.
1048 2068 1086 2090 Me
1100 2067 1162 2090 velut
1177 2071 1201 2089 ut
1258 2072 1293 2089 ιι.
1306 2065 1344 2088 Me
1356 2071 1425 2094 quam
1481 2061 1556 2093 tad)

351 2114 388 2137 Me
403 2117 459 2136 mut.
474 2117 542 2142 temp.
600 2119 636 2140 ¹4·
652 2110 685 2133 N¹
700 2109 907 2139 appropriationem
963 2108 997 2130 16.
1013 2108 1050 2130 Me
1064 2107 1124 2130 enim
1191 2113 1224 2136 ¹7·
1239 2105 1269 2128 1)
1285 2107 1371 2128 omene
1383 2108 1419 2127 est
1433 2104 1474 2126 nel
1487 2106 1557 2131 testo,

351 2162 390 2177 ma
395 2155 432 2184 su
445 2155 568 2184 aggiunto
583 2153 607 2175 in
623 2152 759 2175 interlinea.
813 2156 850 2173 αι.
861 2148 894 2172 N¹
909 2155 982 2178 prom.
997 2152 1044 2178 pot.
1059 2152 1094 2170 est
1107 2148 1146 2170 sed
1160 2147 1179 2170 si
1193 2153 1264 2176 prees.
1278 2145 1399 2174 circumsp-
1454 2150 1495 2172 ²4.
1509 2144 1558 2173 ius]

351 2195 388 2217 Me
403 2194 438 2217 vis
492 2195 531 2218 26.
546 2192 579 2216 N¹
595 2192 668 2222 ipsam

386 2294 428 2329 (ι)
449 2293 493 2322 Cf.
513 2291 745 2327 sull'etimologia
766 2290 792 2318 di
814 2300 828 2315 α
841 2289 933 2325 nequi·
977 2289 1005 2316 in
1026 2289 1121 2325 Opera,
1141 2287 1189 2321 VI,
1208 2287 1260 2322 236
1279 2295 1338 2322 sgg.

352 2347 366 2362 «
381 2337 421 2364 cia
432 2346 446 2362 n
467 2337 513 2364 lib.
535 2336 583 2369 IX,
606 2344 648 2372 ep.
664 2343 705 2368 ιν,
720 2344 746 2370 p.
767 2342 802 2370 49
825 2333 853 2360 di
871 2341 932 2369 que-
1013 2331 1056 2367 (3)
1077 2331 1190 2358 Honn.
1210 2330 1257 2366 Ep.
1273 2329 1308 2362 11,
1323 2337 1365 2363 111,
1381 2335 1425 2363 72.

350 2386 393 2407 sto
412 2379 533 2407 volume.
1012 2374 1055 2409 (4)
1075 2373 1119 2401 cf.
1148 2381 1173 2409 p.
1198 2380 1234 2409 49
1261 2372 1288 2398 di
1314 2376 1413 2407 questo
1438 2368 1559 2401 volume,

386 2422 428 2459 (2)
447 2422 491 2450 Cf.
511 2431 532 2450 s.
551 2422 627 2449 Aue.
655 2420 787 2449 Euchirid.
812 2428 872 2455 cap.
900 2426 930 2446 x1
975 2426 1010 2446 rr.
1030 2417 1128 2453 28-30.
