1682 2762
333 279 396 303 212
755 275 1097 303 EPISTOLARIO

333 399 552 432 administrare
575 398 728 442 permisit,
748 410 803 442 per
833 409 914 442 quos
939 398 1036 430 etiam
1059 398 1172 430 vivens
1196 398 1306 431 Petrus
1329 398 1419 441 plura
1442 397 1524 438 fecit,

331 469 393 501 que
405 456 444 489 ad
457 455 659 500 pontificatus
675 455 864 499 dignitatem
883 464 914 488 et
933 454 1076 488 officium
1094 455 1348 499 pertinebant(¹).
1389 456 1524 500 quanvis

332 514 415 559 apud
435 513 608 546 Eusebium
634 514 819 557 loquentem
843 513 882 546 de
905 512 1104 556 temporibus
1123 512 1182 546 illis
1203 514 1355 557 scriptum
1378 514 1438 546 sit:
1462 523 1525 556 qua

331 579 519 616 tempestate
543 571 575 604 in
599 570 675 604 urbe
700 571 804 605 Roma
828 570 980 605 Clemens
1003 582 1132 614 quoque
1155 579 1228 614 post
1250 570 1388 604 Paulum
1411 579 1443 604 et
1466 571 1525 603 Pe-

331 639 416 663 trum
429 628 652 673 pontificatum
666 628 794 662 tenebat
802 628 836 655 (²)
843 641 853 670 ;
873 637 908 662 ut
922 628 993 661 illos
1006 628 1217 672 episcopium,
1231 629 1328 662 istum
1346 640 1425 662 vero
1445 640 1526 672 pon·
1553 635 1571 668 5

330 687 464 720 tificium
488 686 606 720 eodem
629 695 775 730 tempore
799 687 938 720 tenuisse
961 687 995 719 in
1018 685 1097 719 urbe
1121 686 1225 720 Roma
1244 686 1451 720 manifestum
1473 687 1525 727 sit,

329 753 460 788 regente
477 743 806 787 Hierosolymitanam
820 743 1003 783 Ecclesiam,
1017 755 1079 787 que
1097 743 1189 777 sedes
1209 755 1283 776 cum
1299 743 1526 777 Anthiochena

330 811 437 836 totum
460 801 591 846 regebat
615 801 797 843 Orientem,
818 802 937 835 Iacobo
961 802 1051 835 Iusto
1075 801 1168 835 fratre
1192 802 1337 842 Domini,
1363 813 1437 835 curn
1459 803 1527 835 An-

331 860 473 894 thiochie
497 860 618 904 primus
641 870 781 904 preesset
808 859 962 900 Evodius,
978 860 1028 893 cui
1048 859 1185 903 legimus
1213 860 1375 903 Ignatium
1401 871 1526 893 succes-

330 919 407 952 sisse
416 918 460 951 (³).
508 930 568 951 nec
588 927 717 951 moveat
736 918 873 962 aliquem
882 917 1075 962 pontificum
1091 925 1169 957 etas,
1183 926 1217 950 ut
1237 917 1295 950 ista
1313 916 1461 951 condicio
1480 917 1527 950 vi-
1559 926 1598 950 10

332 976 441 1009 deatur
460 987 529 1009 esse
553 975 691 1009 deterior
709 975 752 1008 illi
771 977 852 1019 parti
871 987 933 1019 que
953 974 1177 1019 longeviorem
1192 974 1378 1019 pontificem
1401 975 1526 1016 habeat,

333 1045 406 1067 curn
425 1034 590 1078 sepissime
611 1033 777 1067 videamus
797 1033 994 1077 decrepitum
1014 1041 1137 1076 patrem
1149 1032 1232 1066 filios
1245 1033 1377 1066 iuvenes
1396 1033 1528 1078 sepelire

331 1101 481 1136 totusque
500 1101 609 1125 nostre
621 1092 685 1125 vite
702 1103 812 1125 cursus
831 1091 991 1125 obnoxius
1012 1091 1108 1125 morti
1127 1092 1177 1125 sit.
1223 1090 1307 1125 filios
1325 1103 1440 1125 omnes
1458 1103 1528 1136 pre-

333 1150 419 1183 misit
438 1151 583 1183 Priamus
600 1160 631 1183 et
645 1149 826 1184 fortunatus
846 1151 1024 1194 Augustus,
1040 1149 1122 1183 sicut
1137 1149 1284 1193 legimuS,
1299 1158 1528 1184 testamentum

333 1208 506 1241 conficiens
538 1209 658 1252 inquit:
688 1209 843 1252 quoniam
877 1209 986 1252 iniqua
1017 1207 1146 1241 fortuna
1173 1208 1290 1242 Caium
1324 1217 1356 1241 et
1392 1209 1528 1242 Lucium
1560 1221 1597 1254 ¹5

332 1266 414 1300 filios
434 1266 533 1299 michi
545 1266 822 1310 eripuit‚Tiberius
831 1266 930 1299 Cesar
942 1265 1040 1299 michi
1054 1277 1092 1299 ex
1102 1274 1190 1310 parte
1202 1265 1331 1299 dimidia
1344 1275 1375 1299 et
1385 1275 1528 1300 sextante

334 1324 424 1357 heres
448 1333 518 1358 esto
537 1324 581 1357 (⁴).
628 1323 762 1358 videsne
785 1335 880 1368 quam
905 1325 1017 1357 acriter
1041 1332 1135 1368 atque
1158 1324 1239 1357 clare
1262 1323 1420 1368 gloriosus
1448 1325 1529 1369 prin·

334 1393 426 1426 cepes
453 1382 492 1415 de
520 1381 647 1416 fortuna
671 1391 800 1426 propter
821 1381 961 1415 filiorum
984 1382 1146 1415 interitum
1171 1382 1404 1426 conqueratur?
1451 1393 1528 1416 con-

333 1440 522 1483 querebatur
547 1449 578 1473 et
600 1441 720 1474 Nestor
744 1438 882 1473 fatorum
906 1440 1052 1472 ordinem
1077 1439 1161 1484 apud
1185 1440 1378 1481 Homerum,
1397 1440 1528 1484 quando

334 1509 448 1542 corpus
473 1497 580 1531 ardere
602 1497 659 1530 filii
682 1497 819 1537 videbat,
844 1498 994 1531 miseram
1015 1508 1177 1541 superesse
1196 1497 1363 1531 lacrimans
1382 1507 1529 1531 senectu-
1556 1513 1599 1537 20

333 1565 398 1589 tem
419 1556 463 1589 (⁵).
511 1555 567 1590 sed
591 1567 666 1589 cum
691 1555 749 1589 hec
774 1566 868 1590 causa
898 1556 961 1589 Dei
985 1556 1037 1596 sit,
1060 1554 1252 1600 sperandum
1276 1565 1324 1589 est
1346 1555 1436 1589 illurn
1460 1555 1529 1590 fore

333 1614 534 1658 superstitem
554 1625 651 1658 quem
670 1625 834 1657 superesse
854 1613 968 1647 melius
987 1622 1035 1647 est
1058 1613 1091 1647 in
1115 1613 1216 1647 oculis
1239 1614 1314 1647 suis.

94 406 246 426 continu-reno
280 406 305 426 ad

95 434 246 453 nmminisrnre
286 432 306 452 1ι

94 459 170 479 chien
203 459 256 479 Lino
293 465 305 478 e

94 485 163 508 clem.

119 925 151 945 Ne
179 924 197 945 ε’
208 931 304 971 oppongn

93 958 104 971 n
128 952 162 972 εἰὸ
184 951 205 971 ln
243 952 303 978 ispnri

92 979 126 998 eti
139 978 171 998 de'
180 978 220 998 due
233 983 304 1005 ponte-

93 1005 134 1029 fici,
142 1005 216 1032 perche
226 1011 238 1025 n
247 1004 304 1025 volte

93 1032 178 1052 ivecchi
189 1032 257 1051 hanno
269 1032 303 1057 piu

93 1058 155 1090 lunga
164 1059 206 1078 vita
216 1058 248 1078 de'
259 1059 304 1085 gio-

92 1091 153 1108 νιιιις

94 1159 181 1185 Priamo,
201 1160 304 1187 Augusto,

95 1445 182 1466 Nestore
191 1445 273 1466 offrono
285 1446 306 1466 di

95 1472 124 1492 ul
147 1472 200 1492 fmo
221 1473 306 1500 esempli

95 1498 136 1519 ben
149 1500 203 1519 noti.

384 1699 434 1726 4-6.
450 1698 480 1720 Le
494 1699 577 1727 parole
590 1698 613 1719 in
627 1698 682 1720 urbe
698 1710 707 1714 -
723 1698 821 1720 tenuisse
835 1704 924 1720 omesse
937 1704 980 1726 per
994 1698 1157 1726 inavvertenza
1167 1698 1192 1719 in
1208 1697 1237 1720 L¹
1244 1698 1324 1727 furem
1334 1698 1377 1719 dal
1384 1698 1474 1726 copim
1483 1704 1528 1727 ag—

331 1738 415 1766 girante
430 1739 455 1760 in
470 1739 596 1766 margine,·
612 1745 651 1760 ma
665 1744 711 1761 non
725 1738 750 1760 νί
761 1738 784 1760 εἰ
797 1739 903 1766 leggono
917 1738 959 1760 che
972 1738 997 1759 in
1009 1739 1078 1766 parte
1090 1743 1132 1766 per
1145 1743 1239 1760 τηεν-ηε
1252 1740 1314 1759 state
1323 1738 1434 1766 utquam
1445 1739 1528 1760 tenere

331 1778 405 1800 recise
419 1778 460 1800 da!
471 1779 545 1807 ferro
559 1778 597 1800 del
609 1779 749 1807 rilegatore.
805 1785 827 1807 5.
842 1778 911 1807 vero]
925 1778 980 1799 M-D
994 1777 1024 1799 dci
1039 1778 1117 1800 invece
1127 1784 1172 1800 non
1210 1778 1241 1800 Ri
1249 1778 1313 1800 vobis
1324 1779 1378 1806 (sic)
1436 1784 1470 1802 ιι.
1479 1778 1528 1801 lon-

330 1818 457 1846 geviorem]
473 1818 526 1840 M-D
540 1819 606 1847 longe
620 1818 728 1840 seniorem
799 1824 831 1840 η.
844 1817 909 1847 cum]
926 1817 957 1839 R4
969 1818 1022 1840 M—D
1031 1818 1062 1840 Rt'
1074 1816 1181 1846 quoniam
1217 1817 1235 1840 C
1248 1824 1316 1846 quam
1357 1817 1412 1840 ΜΦ
1425 1817 1528 1840 videmus

333 1864 370 1885 ¹4·
379 1858 409 1880 Ri
416 1858 474 1886 dopo
485 1858 527 1886 leg.
537 1859 666 1887 aggiunge
677 1862 698 1880 et
754 1865 762 1880 r
767 1865 789 1887 5.
800 1859 832 1880 Rs·
840 1858 951 1880 Lucinurn
1009 1858 1041 1880 16.
1052 1856 1083 1879 ι’
1094 1857 1162 1880 michi
1171 1864 1204 1880 er.
1213 1858 1243 1881 fil.
1300 1864 1330 1886 ¹7-
1341 1858 1373 1881 Ri
1379 1858 1460 1881 actiter-
1470 1859 1526 1886 (n'c)

329 1903 365 1920 20.
382 1897 413 1920 R4
428 1898 551 1927 miseriam,
567 1905 606 1921 ma
621 1898 654 1921 l'i
668 1901 772 1927 espunto.
828 1904 864 1921 υ.
879 1897 939 1927 suis]
954 1898 1009 1920 M-D
1022 1897 1063 1920 Dei

985 1969 1028 2003 (4)
1048 1969 1114 1996 Cosi
1129 1969 1298 1996 cominciava
1321 1969 1341 1996 il
1363 1976 1526 1997 testamento

949 2011 1103 2047 d’Augusto
1113 2012 1232 2038 secondo
1243 2011 1329 2039 Sum:
1340 2011 1412 2040 Tib.
1427 2012 1450 2040 C
1458 2021 1474 2039 a
1481 2021 1496 2040 e
1503 2021 1525 2039 s.

365 1970 407 2004 (1)
421 1969 464 1997 Cf.
475 1970 584 1997 intorno
593 1979 609 1997 a
622 1971 807 2006 quest'oscuro
818 1976 903 2006 punto

328 2011 351 2046 J.
361 2012 608 2045 HERGENRO'THER,
619 2013 759 2040 Handbuch
775 2013 818 2040 der
833 2012 904 2048 allge-

327 2055 402 2122 ἱηείη.
425 2055 634 2090 Kirchengesch.3,
662 2055 800 2091 Freiburg,
829 2056 903 2089 1884,

342 2116 349 2128 '
364 2104 469 2173 (22‘39·Ma
482 2139 599 2166 Eusebio
615 2139 691 2166 nulla
703 2140 761 2167 dice
776 2140 803 2166 di
813 2141 902 2167 simile

328 2180 363 2205 ne
379 2179 536 2207 nell’Istoria
551 2180 721 2213 ecclesiastica,
736 2181 855 2208 tradotta
866 2181 900 2207 da

330 2220 439 2255 Rufino,
453 2222 487 2248 ne
503 2221 575 2249 nella
593 2222 711 2256 Cronica,
728 2222 779 2250 che
792 2223 902 2250 citiamo

326 2268 405 2289 sotto.

362 2305 403 2340 (3)
431 2305 529 2332 Eustn.
560 2307 708 2334 Chronicor.
728 2316 816 2334 canon.
841 2316 903 2343 quae

324 2351 428 2382 supers„
439 2347 480 2374 ed.
491 2348 524 2374 Α.
536 2348 672 2381 Schoene,
692 2350 774 2376 Hier
782 2358 825 2376 on
833 2350 902 2385 ymi

324 2396 430 2421 vers„
449 2388 576 2423 Berofini,
593 2398 769 2424 moccctxvr,
789 2390 823 2424 11,
844 2399 901 2426 153,

329 2438 386 2465 ¹55,
409 2439 465 2466 ¹57·

949 2053 1055 2087 XXIII;
1067 2062 1112 2080 ma
1123 2054 1130 2080 i
1140 2054 1200 2080 testi
1213 2053 1240 2080 in
1254 2054 1337 2090 luogo
1346 2054 1373 2081 di
1385 2054 1500 2090 «iniqua
1509 2065 1523 2080 »

949 2095 1041 2122 denno
1062 2106 1076 2121 α
1088 2096 1195 2123 sinistra
1207 2106 1221 2122 n
1243 2104 1344 2123 ovvero
1359 2106 1374 2122 κ
1384 2103 1461 2124 atrox
1473 2107 1498 2124 ».

984 2138 1026 2172 (5)
1055 2137 1090 2164 Vi
1116 2139 1131 2164 ὲ
1156 2138 1202 2174 qui
1229 2146 1265 2164 un
1294 2138 1435 2174 equivoco.
1481 2138 1524 2166 Ne

947 2188 1041 2215 presso
1050 2180 1156 2207 Omero
1167 2180 1282 2207 Nestore
1292 2181 1389 2216 piange
1399 2180 1424 2207 la
1435 2187 1524 2208 morte

948 2222 1122 2255 d’Antiloco,
1140 2223 1231 2250 ucciso
1251 2225 1284 2249 da
1310 2223 1465 2256 Memnone,
1489 2225 1524 2250 ne

948 2273 1042 2300 presso
1069 2265 1187 2293 Iunco
1215 2274 1230 2292 e
1257 2273 1403 2292 nemmeno
1431 2274 1524 2301 presso

948 2307 1044 2340 Drrrx,
1065 2307 1134 2334 dove
1153 2316 1218 2343 pure
1237 2316 1307 2335 sono
1326 2308 1441 2335 descritti
1461 2308 1525 2336 isu-

946 2350 1033 2377 nerali
1052 2350 1094 2376 del
1114 2351 1224 2386 giovine
1244 2359 1307 2377 eroe
1325 2351 1442 2387 (Ephcm.
1468 2351 1524 2379 balli

947 2394 1050 2426 troiani,
1065 2393 1111 2426 IV,
1123 2394 1205 2428 vm);
1219 2393 1264 2420 chi
1274 2394 1296 2420 si
1308 2393 1334 2420 fa
1346 2402 1397 2421 eco
1410 2394 1452 2421 de’
1463 2394 1523 2421 suoi

946 2435 1058 2462 lamenti
1078 2443 1145 2462 sono
1161 2435 1188 2462 in
1201 2435 1288 2471 quella
1300 2444 1367 2463 vece
1379 2437 1522 2464 Priona-r.
