1696 2782
98 937 138 962 10

98 1226 135 1261 15

94 1516 138 1541 20

94 1805 137 1839 ²5

450 280 497 307 DI
528 279 788 308 COLUCCIO
820 280 1088 308 SALUTATI.
1301 280 1362 314 ¹¹7

166 416 243 439 nam
261 404 337 450 quid
352 404 392 438 de
407 405 470 438 tuis
485 404 630 438 Helladis
645 404 793 446 referam,
804 417 886 449 quos
904 404 1005 439 nichil
1019 405 1122 449 magis
1145 415 1242 448 quam
1261 404 1363 448 glorie

166 462 311 497 trahebat
333 461 484 496 affectio?
530 474 640 496 nonne
655 472 687 496 et
701 463 809 496 omnis
832 461 933 496 ferme
953 462 1134 497 Gentilium
1153 462 1241 495 natio
1260 462 1362 506 glorie

165 519 273 554 studio
296 529 362 554 tam
385 519 532 554 ardenter
555 519 711 560 effervuit,
734 529 771 555 ut
792 520 900 555 solum
924 520 965 555 ad
988 520 1072 554 hanc
1095 521 1160 554 vite
1183 520 1307 554 labores
1331 530 1363 554 et

166 579 279 613 mortis
293 579 397 612 exitus
415 589 518 612 vanos
534 578 742 613 ordinarent?
787 579 889 613 muln
903 590 1034 624 possem
1046 579 1078 613 in
1092 578 1202 612 medio
1215 578 1363 623 exempla

165 635 315 681 proferre,
338 636 365 670 si
381 647 433 670 res
456 635 539 670 adeo
560 636 644 670 clara
666 647 734 670 non
757 646 851 677 esset,
871 636 959 681 quod
978 636 1080 681 ipsam
1098 636 1231 670 testibus
1249 635 1362 670 fulcire

165 694 363 739 superfluum
380 694 431 728 sit.
476 694 546 739 quis
569 695 678 739 igitur,
697 705 731 729 ut
754 695 793 729 ad
817 695 1017 740 propositum
1040 695 1181 736 redeam,
1205 694 1360 729 iudicium

165 751 254 794 fer-at,
269 761 355 786 eum
368 750 493 787 virtutis
517 763 599 798 opus
622 752 753 798 aliquod
771 752 895 794 viderit,
920 764 960 786 an
976 753 1141 787 ordinetur
1158 752 1198 787 ad
1213 752 1361 798 gloriam,

165 822 206 844 an
235 810 276 845 ad
306 810 530 852 ambitionem,
554 822 595 845 an
628 810 668 844 ad
698 810 862 856 flagicium
894 810 1033 856 aliquod,
1068 823 1108 845 an
1142 810 1182 844 ad
1212 810 1363 845 lucrum?

164 879 265 902 nemo
286 867 441 913 profecto.
487 868 752 914 quandoquidem
786 878 835 903 tot
856 869 891 903 in
925 869 1086 904 mentibus
1117 869 1288 903 hominum
1314 880 1362 903 re-

165 937 272 960 census
295 935 408 971 totque
432 926 550 961 latebre
574 936 660 968 sunt,
674 937 757 972 quot
774 927 895 962 nedum
919 927 998 961 scire
1018 939 1085 961 non
1105 938 1287 972 possumuS,
1305 926 1362 960 sed

164 995 225 1018 nec
247 985 344 1018 etiam
367 985 520 1029 cogitare.
566 985 637 1030 quis
660 985 748 1019 enim
770 986 830 1020 scit
851 997 915 1030 que
937 993 1014 1019 sunt
1037 984 1190 1025 hominis,
1214 984 1275 1018 nisi
1300 985 1363 1029 spi-

163 1042 243 1077 ritus
261 1042 404 1077 hominis
418 1044 475 1087 qui
496 1043 531 1077 in
554 1042 625 1088 ipso
647 1043 771 1077 est?(¹)
814 1054 899 1078 unus
921 1043 1053 1088 quidem
1077 1051 1126 1076 est
1143 1043 1284 1087 spiritus,
1306 1044 1363 1087 qui

164 1110 320 1136 scrutatur
333 1113 425 1136 renes
437 1111 470 1135 et
482 1101 578 1136 corda
590 1102 636 1143 (⁸),
649 1113 789 1147 quemve
802 1102 898 1136 latere
909 1113 976 1136 non
990 1113 1163 1147 possumus
1176 1113 1236 1136 nec
1250 1101 1362 1136 celare.

163 1159 303 1194 invicem
327 1169 436 1194 autem
459 1160 543 1194 inter
559 1159 710 1194 mortales
733 1159 885 1194 altissima
915 1170 982 1194 nox
1009 1169 1067 1201 est,
1094 1159 1363 1204 tenebrarumque

163 1225 252 1250 tanta
275 1215 424 1258 densitas,
440 1216 529 1262 quod
547 1217 580 1250 in
599 1217 684 1261 ipsas
698 1225 807 1251 noster
820 1217 955 1251 intuitus
977 1226 1142 1262 penetrare
1161 1227 1228 1250 non
1244 1225 1362 1261 potest,

163 1284 225 1308 nec
246 1275 344 1308 etiam
375 1273 576 1319 angelorum,
600 1274 661 1308 nisi
684 1285 740 1319 per
769 1275 986 1310 coniecturam
1009 1286 1050 1309 ex
1074 1274 1206 1308 alicuius
1230 1273 1362 1308 affectus

163 1331 261 1375 signo
281 1331 334 1366 vel
357 1330 490 1365 effectus
512 1331 641 1366 iudicio.
687 1332 720 1366 in
743 1332 860 1377 quibus
883 1342 993 1367 tamen
1017 1343 1078 1366 nos
1102 1332 1253 1366 facillime
1277 1331 1362 1366 deci-
1389 1340 1405 1367 ε.

162 1389 269 1434 pimur
287 1398 319 1423 et
341 1388 532 1433 angelorum
554 1390 776 1434 perspicacitas
797 1401 874 1435 sepe
897 1390 1078 1431 frustratur;
1102 1399 1138 1424 ut
1161 1401 1222 1424 nec
1240 1389 1280 1423 de
1299 1390 1360 1423 vir-

162 1453 243 1488 tute,
254 1457 354 1491 quam
371 1447 528 1481 incertum
548 1447 589 1481 sit
611 1446 723 1481 adesse
746 1447 798 1482 vel
821 1457 910 1482 actus
933 1457 1062 1482 nostros
1086 1447 1235 1492 dirigere,
1250 1447 1362 1491 aliquis

162 1502 281 1538 laudari
305 1512 411 1549 queat,
430 1504 527 1538 etiam
546 1505 573 1538 si
591 1505 830 1539 consentiamus
858 1505 1026 1539 hominem
1050 1504 1090 1539 de
1109 1506 1226 1539 virtute
1246 1504 1363 1539 debere

163 1561 295 1603 laudari,
308 1573 383 1607 que,
397 1562 479 1596 sicut
492 1571 603 1596 noster
625 1563 827 1608 Augustinus
842 1562 969 1604 diffinit,
984 1563 1071 1597 bona
1093 1562 1228 1607 qualitas
1243 1563 1362 1597 mentis

163 1628 223 1661 est,
244 1631 308 1665 qua
336 1628 422 1654 recte
450 1620 570 1654 vivitur
598 1630 631 1654 et
658 1632 722 1665 qua
744 1621 852 1655 nullus
878 1621 962 1655 male
981 1621 1091 1662 utitur,
1109 1631 1250 1666 quamve
1273 1620 1361 1654 solus

163 1678 253 1712 Deus
269 1679 300 1712 in
315 1677 450 1712 homine
463 1687 613 1723 operatur
623 1678 669 1713 (³).
715 1680 757 1713 sit
766 1679 866 1724 igitur
878 1680 913 1713 in
929 1691 985 1713 ore
998 1689 1109 1714 nostro
1121 1678 1160 1713 de
1177 1678 1270 1712 nobis
1286 1690 1361 1713 vera
1388 1717 1398 1731 ι
1431 1691 1442 1705 e

162 1735 315 1777 laudatio,
336 1747 400 1781 qua
418 1747 485 1770 non
502 1736 671 1771 hominem
690 1738 854 1778 miremur,
873 1737 930 1772 sed
948 1738 1054 1772 Deum
1072 1737 1240 1771 laudemus
1250 1749 1260 1778 ;
1272 1736 1361 1771 suffi-

164 1796 289 1840 ciatque
312 1795 489 1840 fragilitatis
513 1796 654 1830 humane
677 1796 791 1831 sobriis
814 1796 942 1831 auribus
966 1797 1075 1831 Deum
1105 1796 1226 1830 laudari
1246 1796 1288 1830 de
1311 1797 1360 1830 his

163 1865 226 1898 que
244 1853 295 1887 vel
313 1853 408 1887 nobis
430 1853 557 1888 tradidit
575 1854 629 1888 vel
645 1865 702 1899 per
715 1865 776 1888 nos
794 1855 870 1899 agit.
915 1855 984 1888 imo
1003 1866 1069 1888 non
1086 1854 1192 1888 solum
1212 1853 1360 1895 sufficiat,

162 1911 219 1945 sed
235 1912 374 1946 omnino·
387 1911 487 1946 nichil
499 1911 631 1947 ulterius
649 1922 859 1957 exoptemus3
877 1913 982 1958 sitque
998 1922 1107 1947 nostra
1124 1912 1253 1958 cupido,
1271 1912 1358 1958 quod

163 1981 230 2004 non
249 1969 362 2010 homo,
377 1969 435 2003 sed
454 1970 543 2004 Deus
558 1981 618 2004 nos
641 1970 759 2011 laudet,
778 1971 931 2015 quoniam
956 1971 1024 2005 eius
1047 1971 1188 2005 laudatio
1211 1982 1272 2005 nos
1291 1983 1359 2005 non

163 2027 263 2068 inflat,
286 2028 343 2062 sed
357 2027 531 2062 laudabiles
554 2028 652 2063 efficit
673 2029 815 2075 talesque
838 2029 926 2074 quod
949 2029 1112 2074 possimus
1134 2030 1203 2063 sine
1223 2029 1360 2064 stulticia

95 2095 142 2129 30
163 2086 302 2131 gloriari,
315 2085 403 2131 quod
420 2085 514 2120 laude
531 2087 600 2120 sine
615 2086 715 2121 dubio
733 2086 824 2132 digni
840 2087 952 2121 simus.
998 2087 1115 2132 gratias
1130 2096 1239 2121 tamen
1257 2087 1360 2121 habeo

163 2142 252 2188 quod
279 2154 334 2177 me
363 2142 552 2177 laudaveris.
597 2145 731 2188 signum
757 2153 806 2178 est
829 2145 918 2179 enim
936 2144 1024 2189 quod
1052 2145 1085 2178 in
1115 2145 1201 2178 votis
1227 2145 1289 2179 tuis
1318 2146 1360 2179 sit

164 2201 338 2246 aliquando
351 2213 404 2236 me
427 2201 496 2236 fore
519 2202 711 2237 laudabilem
734 2203 897 2248 michique
916 2203 1018 2238 calcar
1041 2203 1186 2248 apponis,
1203 2212 1239 2237 ut
1262 2215 1360 2238 coner

165 2271 183 2294 a
205 2261 289 2301 Deo,
312 2271 380 2294 non
404 2259 442 2294 ab
458 2260 644 2294 hominibus
663 2260 851 2302 collaudari;
875 2273 1062 2306 cavereque,
1080 2261 1231 2306 quicquid
1251 2273 1359 2307 agam,

165 2327 207 2350 ne
224 2315 392 2360 depravate
411 2316 527 2351 mentis
550 2327 655 2351 errore
678 2317 916 2363 voluntatisque
940 2318 1064 2352 malicia
1083 2318 1145 2352 Dei
1165 2330 1273 2363 opera¹
1295 2330 1358 2364 que

200 2402 242 2437 (1)
261 2402 290 2430 S.
308 2403 396 2431 ΡΑυι.
415 2403 463 2440 Ep.
482 2403 498 2431 1
513 2404 546 2431 ad
566 2403 627 2432 Cor.
640 2404 675 2436 11.
697 2412 737 2432 ιι.
818 2405 862 2440 (3)
881 2405 910 2432 S.
926 2405 1001 2432 Auo.
1013 2405 1135 2432 Deliber.
1154 2406 1245 2433 arbitr.
1264 2405 1308 2433 lib.
1323 2405 1358 2438 11,

200 2446 244 2480 (a)
263 2445 307 2474 Cf.
315 2445 474 2479 kal-,VIR
484 2453 529 2480 ιος
537 2446 688 2480 1n.xvn,
697 2454 736 2475 ιο.
782 2455 840 2483 eap.
854 2454 912 2481 xxx.
928 2447 960 2482 §5
974 2455 1034 2482 5oe
1054 2455 1086 2483 5r
1101 2447 1270 2484 iti-Opem,1‚
1282 2447 1357 2476 1268.

1388 768 1473 783 umere
1481 762 1507 782 dn
1519 761 1603 790 impulsi

1389 789 1428 810 :he
1437 795 1479 810 non
1490 789 1560 810 hauno
1569 795 1603 810 e·-

1389 820 1464 837 nmru
1478 816 1498 836 di
1512 815 1575 840 virtu,

1389 878 1461 926 mech&
1477 879 1489 899 ὸ
1505 879 1591 912 iaqumu⁴
1585 879 1603 894 '-

1417 913 1429 926 e
1439 912 1538 927 cono-ou
1551 913 1558 926 ι
1572 913 1603 926 ιο-

1390 934 1443 960 gteti
1474 933 1603 954 dall'nim

1390 966 1464 980 unm

1389 1363 1602 1436 &imm

1387 1923 1398 1937 ε
1406 1917 1431 1936 da
1441 1916 1469 1937 lui
1477 1917 1525 1938 nolo
1534 1923 1599 1938 anen-

1385 1943 1450 1966 dala.
