1696 2782
141 755 182 775 Era
210 754 283 781 giumo
314 759 326 772 n

114 786 187 809 questo
197 785 261 808 punto
273 779 327 799 della

114 815 150 829 tua
165 808 237 828 lenem
259 806 325 826 ufludo

115 835 143 882 {li
158 814 263 861 nacqueil
277 833 326 852 dul>-

130 863 150 882 io
161 862 198 882 che
207 862 214 880 i
223 860 286 880 saluti
296 860 325 879 iu-

114 888 192 915 vintigli
199 887 325 914 provenisse-

114 922 137 935 ro
151 916 222 935 invece
243 914 281 934 che
301 913 326 932 dn

115 942 143 962 lui
157 941 190 961 dal
205 940 316 961 Crisolon.

142 1285 167 1305 Se
177 1285 203 1305 ha
210 1289 285 1308 errato,
293 1290 328 1304 vo-

116 1311 157 1339 glin
167 1312 271 1332 Demetrio
283 1317 327 1331 scu-

117 1339 172 1359 snrlo
180 1346 186 1363 ;

117 1799 129 1812 ε
142 1791 214 1824 poiche
225 1790 266 1817 egli
280 1790 304 1810 ed
313 1790 327 1822 il

114 1818 223 1869 ,ἓζιξίεξῐῗη
230 1824 268 1838 son
278 1824 318 1837 ann

117 1967 247 1988 consider-ino
258 1967 277 1987 ln
290 1966 328 1987 let-

117 2000 160 2015 tem
174 2001 232 2014 come
248 1995 273 2014 ad
289 2000 328 2014 en-

117 2021 188 2042 iambi
202 2022 281 2043 diretta.

355 266 415 300 118
777 269 1113 298 EPISTOLARIO

351 409 407 442 per
422 409 474 430 me
494 397 613 436 fecerit,
634 394 813 428 deficiendo
834 404 1052 437 corrumpam;
1070 392 1126 426 sed
1142 391 1239 426 nichil
1259 391 1441 426 omittendo
1459 392 1548 436 quod

351 455 483 489 debeam
501 463 536 487 ut
554 453 698 497 operanti
716 463 771 496 per
785 463 837 485 me
858 452 930 484 Deo
946 459 1073 495 gratum
1097 449 1266 483 exhibeam
1286 450 1547 483 instrumentum.

417 515 513 548 Nunc
525 522 642 553 autem,
657 511 817 544 carissime
834 510 878 543 mi
892 509 1034 550 Dimitri,
1047 520 1140 553 parce
1154 509 1181 541 si
1195 508 1325 552 longior
1339 507 1395 541 fui.
1440 508 1548 553 cogito

351 571 448 617 quod,
464 571 490 604 si
502 570 628 604 daretur
643 569 740 603 michi
757 569 848 612 copia
863 567 970 601 standi
985 576 1104 608 tecum,
1119 575 1231 600 mutua
1247 566 1418 600 collatione
1433 567 1550 600 niterer

352 628 523 663 senectutis
538 627 593 661 tibi
610 637 664 661 tue
677 627 832 671 pruritum
845 635 994 659 excutere
1013 634 1045 659 et
1060 624 1178 658 mentis
1193 622 1344 658 affectum
1361 623 1549 657 eruditionis

351 698 406 723 tue
430 687 625 731 dulciloquio
648 685 779 719 satiare!

419 747 488 780 Iam
524 745 688 788 hucusque
723 754 951 788 processeram,
985 753 1059 776 cum
1091 751 1160 775 orta
1193 741 1349 775 dubitatio
1378 749 1427 774 est
1459 740 1549 775 cuius

353 804 461 838 litteris
479 804 596 837 inserta
615 802 708 836 fuerit
726 802 778 835 illa
801 801 924 841 cedula,
938 812 1000 845 que
1025 799 1133 834 Iacobi
1155 800 1271 844 scripta
1293 799 1454 840 manibus,
1481 810 1550 832 non

353 862 499 906 apposito
526 860 681 894 mittentis
707 860 850 900 nomine,
875 858 1073 892 salutationis
1098 856 1236 891 antefate
1268 857 1365 891 verba
1395 857 1548 891 continet.

353 932 415 965 ego
447 919 577 964 quidem
611 919 728 952 litteras
765 917 831 951 illas
867 916 994 961 aperui;
1029 927 1088 950 nec
1123 924 1200 950 tunc
1235 926 1310 949 cura
1343 914 1403 949 fuit
1437 923 1549 948 notare

353 987 462 1011 mente
483 977 571 1011 cuius
598 976 720 1010 inclusa
746 975 839 1009 fuerit
866 975 986 1014 litteris,
1008 979 1056 1007 'an
1087 974 1150 1008 tuis
1181 984 1221 1007 an
1253 972 1452 1007 dilectissimi
1479 973 1550 1006 Ma-

353 1035 454 1069 nuelis
469 1035 513 1069 (¹).
560 1035 584 1068 si
608 1043 661 1068 tua
684 1033 788 1075 fuerit,
813 1033 892 1067 bene
917 1041 975 1073 est,
995 1041 1028 1065 et
1051 1042 1114 1076 ego
1131 1031 1377 1065 accommodate
1395 1030 1548 1074 rescripsi.

353 1095 401 1128 sin
419 1103 526 1128 autem
543 1093 702 1127 Manuelis
717 1101 793 1133 erat,
806 1101 912 1136 patere
931 1090 1019 1136 quod
1037 1090 1087 1123 hic
1107 1101 1195 1124 error
1213 1089 1307 1124 fuerit
1325 1098 1435 1123 nostre
1451 1089 1550 1123 collo-

355 1152 490 1186 cutionis
506 1160 538 1185 et
554 1152 672 1184 amoris
691 1151 830 1184 initium.
877 1149 944 1182 scio
964 1148 1096 1194 quidem
1112 1147 1200 1193 quod
1215 1157 1249 1182 tu
1267 1156 1299 1181 et
1316 1147 1370 1182 ille
1385 1148 1431 1181 sic
1447 1159 1549 1181 unum

355 1211 439 1251 estis,
458 1209 545 1254 quod
575 1220 686 1253 parum
706 1209 827 1242 intersit
847 1220 919 1242 cum
939 1219 1005 1252 quo
1024 1218 1130 1241 sermo
1149 1206 1206 1240 fiat
1228 1216 1260 1240 et
1286 1206 1353 1250 ipse
1373 1205 1460 1240 idem
1482 1216 1551 1239 non

354 1269 461 1301 minus
497 1267 636 1311 benigne
669 1278 779 1300 meum
810 1274 974 1310 supportet
1004 1276 1146 1298 errorem
1179 1275 1279 1309 quam
1308 1273 1414 1298 vester
1442 1262 1551 1297 tulerit

354 1326 535 1360 Alexander
559 1337 698 1359 errorem
722 1326 831 1358 matris
856 1324 943 1358 Darii
968 1324 1136 1358 Persarum
1158 1323 1254 1366 regis,
1278 1334 1353 1357 cum
1383 1322 1550 1357 humanis-

355 1383 455 1417 simus
474 1383 575 1416 victor
598 1382 638 1415 ad
656 1382 759 1426 ipsam
783 1391 985 1425 ceteramque
1004 1380 1160 1414 familiam
1188 1379 1420 1414 consolandam
1444 1379 1551 1423 Ephe·

353 1442 456 1475 stione
479 1450 650 1486 purpurato
675 1449 706 1474 et
729 1441 834 1474 amico
849 1452 908 1474 suo
930 1440 1108 1484 ‘comitatus
1131 1439 1315 1474 accessisset
1338 1447 1371 1472 et
1391 1438 1460 1483 ipsa
1482 1449 1550 1472 non

354 1497 584 1539 Alexandrum,
607 1497 663 1531 sed
691 1498 932 1542 Ephestionem,
954 1498 1009 1542 qui
1038 1497 1223 1542 augustiore
1247 1505 1367 1530 statura
1391 1504 1424 1529 et
1445 1494 1551 1529 forma

354 1567 428 1599 erat,
453 1557 492 1590 de
508 1569 598 1590 more
617 1556 753 1590 Persidis
771 1556 944 1590 adorasset.
989 1567 1052 1600 qua
1070 1555 1203 1600 quidem
1221 1567 1255 1589 re
1273 1567 1342 1589 non
1354 1562 1551 1596 commotuS,

353 1615 409 1649 sed
433 1615 603 1649 delectatus
624 1614 815 1655 Alexander,
839 1615 1003 1648 humiliter
1026 1626 1061 1648 se
1086 1614 1250 1648 excusanti
1273 1613 1384 1658 regine
1406 1611 1551 1647 scribitur

353 1673 553 1717 respondisse
572 1684 687 1706 vocem
706 1672 792 1706 illam
811 1672 1018 1717 benignitatis
1035 1681 1067 1706 et
1086 1672 1229 1706 amicicie
1249 1671 1391 1716 plenam:
1411 1682 1479 1705 non
1496 1670 1550 1704 tri-

354 1730 453 1769 steris,
463 1738 578 1769 mater3
591 1738 622 1763 et
635 1728 863 1773 Ephestionem
877 1727 1051 1762 ostendens
1064 1728 1179 1772 inquit:
1195 1727 1247 1761 hic
1259 1726 1442 1761 Alexander
1451 1725 1550 1767 est(²).

354 1788 398 1820 sic
412 1786 614 1831 respondebit
630 1786 812 1820 humanitas
823 1796 879 1820 tua
891 1786 1002 1827 michi,
1016 1787 1062 1820 sic
1074 1786 1171 1820 etiam
1187 1795 1219 1820 et
1237 1786 1303 1830 ipse
1320 1784 1466 1819 Manuel:
1482 1796 1551 1819 non

355 1846 394 1879 sit
412 1845 467 1878 tibi
496 1857 578 1886 cura,
604 1845 729 1885 Coluci,
749 1856 976 1889 quemcunque
999 1854 1146 1879 nostrum
1170 1844 1351 1888 alloqueris,
1375 1843 1488 1877 ambos
1506 1842 1551 1877 al-

354 1903 501 1947 loqueris.
549 1912 580 1937 et
603 1903 676 1937 licet
696 1903 773 1936 alter
791 1903 958 1947 scripserit,
981 1912 1139 1947 utrunque
1157 1912 1267 1936 tamen
1286 1902 1448 1946 scripsisse
1459 1910 1550 1946 puto.

355 1970 387 1995 et
410 1961 469 1994 hac
493 1972 559 1995 non
583 1961 686 1994 verbis
710 1970 830 2001 tamen,
855 1961 910 1995 sed
935 1961 968 1994 in
987 1961 1150 1994 mentibus
1173 1970 1276 1995 stante
1297 1960 1467 2001 sententia,
1486 1959 1551 1993 sint

354 2021 436 2054 inter
451 2031 510 2054 vos
530 2019 589 2053 hec
605 2031 677 2053 mea
689 2020 804 2064 scripta
824 2020 1031 2061 communia;
1047 2029 1078 2054 et
1096 2031 1159 2064 que
1177 2019 1234 2054 tibi
1251 2019 1423 2053 convenire
1442 2017 1548 2059 video,

354 2077 547 2122 amplissime
563 2079 608 2111 mi
628 2079 766 2119 Dimitri,
787 2077 926 2122 benigne
942 2078 1093 2122 suscipias
1108 2086 1140 2111 et
1162 2079 1193 2111 in
1212 2077 1332 2111 bonam
1348 2085 1471 2121 partem
1486 2087 1550 2121 que

354 2137 462 2180 scripsi
475 2137 606 2170 sumatis
621 2146 764 2181 uterque.
811 2148 892 2180 quos
904 2136 987 2170 sicut
999 2146 1121 2176 natura,
1135 2135 1245 2180 patria,
1258 2134 1396 2175 dilecti0‚
1408 2133 1550 2168 studium

355 2195 618 2239 conversatioque
631 2195 799 2228 coniunxit
818 2203 849 2228 et
861 2206 963 2228 unum
977 2194 1062 2235 fecit,
1075 2193 1121 2228 sic
1135 2204 1222 2227 error
1235 2204 1334 2238 quem
1345 2192 1548 2238 premisimus

408 2307 428 2323 2.
440 2301 495 2323 Cod.
507 2303 590 2323 omem
601 2305 626 2323 ut
682 2308 719 2328 ¹4·
728 2301 782 2324 Cod.
791 2304 876 2324 omette
885 2300 917 2324 sic
971 2307 1008 2325 20.
1019 2301 1076 2324 Cod.
1086 2301 1146 2330 dopo
1155 2307 1207 2329 aug.
1215 2306 1278 2330 pone
1287 2306 1318 2323 un
1327 2303 1350 2322 et
1357 2317 1365 2328 ,
1375 2300 1418 2322 che
1430 2299 1450 2322 i?
1457 2299 1549 2328 mpista

356 2342 386 2363 ha
394 2342 437 2370 poi
442 2343 577 2365 cancellato.
646 2347 683 2370 ²5-
692 2342 748 2365 Cod.
759 2341 789 2364 άὰ
799 2348 880 2371 respon
890 2342 1022 2364 omeuendo
1032 2342 1053 2364 le
1063 2341 1226 2370 sillabefinali
1264 2340 1321 2364 Cod.
1331 2339 1440 2363 Eumne!

392 2439 433 2475 (1)
452 2439 494 2467 Cf.
513 2440 539 2467 la
553 2446 617 2468 nota
639 2449 648 2467 1
672 2449 687 2468 a
705 2449 730 2476 p.
753 2448 810 2476 107.
1000 2442 1044 2476 (2)
1063 2440 1107 2468 Cf.
1117 2441 1187 2469 Vm..
1196 2440 1274 2469 MAx.
1283 2449 1328 2476 op.
1337 2441 1383 2468 cit.
1392 2439 1514 2474 1111‚v11,
1524 2447 1550 2468 2.

1580 919 1620 943 10

1581 1209 1619 1242 15

1577 1498 1622 1523 20

1576 1787 1618 1822 25

1577 2077 1621 2112 30
