1696 2782
84 911 123 935 10

85 1226 121 1259 15

82 1517 125 1541 20

83 1805 123 1839 25

425 249 472 276 οι
502 248 766 277 corucem
798 246 1070 276 SALUTATI.
1281 248 1341 280 139

151 377 292 421 potuisse
315 387 425 410 casum
447 375 640 419 graviorem.
665 374 752 419 quod
775 385 807 408 et
830 384 864 408 tu
892 375 958 418 ipse
981 374 1115 414 testaris,
1139 373 1344 418 pluribusque

152 435 360 469 coniunctum
389 433 607 467 incommodis
638 432 735 466 michi
765 433 834 466 seni
864 434 989 476 totique
1017 431 1136 466 familie
1159 431 1345 475 contigisse,

150 503 248 537 quam
271 491 354 526 hanc
372 492 438 525 vite
456 491 579 525 sociam
602 491 801 535 alterumque
820 500 930 524 nostre
950 490 1067 524 domus
1091 490 1242 524 columen
1266 489 1345 522 ami-

150 550 228 584 sisse
246 550 311 590 vel,
329 558 364 584 ut
387 548 617 593 congruentius
640 548 764 592 loquar,
779 549 969 592 premisisse.
1015 559 1083 582 non
1103 548 1238 582 decessit
1257 548 1345 581 enim

150 607 213 648 illa,
231 606 288 641 sed
311 607 462 651 precessit
480 618 545 650 quo
563 617 624 640 nos
647 605 764 650 singuli
787 605 855 640 dies
879 606 1014 647 ducunt;
1037 618 1098 639 nec
1119 606 1342 645 remansimus,

150 665 207 700 sed
229 665 316 699 illam
338 677 395 709 per
416 673 530 699 cuncta
553 673 736 707 temporum
760 673 928 697 momenta
951 664 1186 708 prosequimur,
1206 675 1343 707 cumque

150 724 215 757 iam
239 723 306 767 ipsa
327 724 507 767 requiescat
527 723 562 756 in
585 723 695 766 patria,
711 733 772 755 nos
790 731 864 765 post
883 733 954 755 eam
979 731 1140 755 currentes
1163 721 1345 755 laboramus

150 783 183 816 in
207 782 269 815 via.
314 780 383 822 sed,
402 777 442 815 ut
465 781 640 815 Maroneus
663 781 768 824 inquit
789 781 925 821 Nautes,

505 869 560 897 quo
579 861 633 888 fata
650 861 760 887 trahunt
778 860 972 896 retrahuntque
991 869 1151 896 sequantui-3

341 910 478 946 Quicquid
496 911 555 943 erit,
573 910 723 946 superanda
742 909 834 936 omnis
852 909 960 936 fortuna
979 909 1092 936 serendo
1111 916 1151 936 est
1160 910 1203 936 (¹).

151 991 239 1036 quod
257 990 398 1035 quidem,
418 989 537 1035 gentile
555 990 639 1030 licet,
659 989 804 1030 verbum,
825 989 892 1022 imo
911 989 985 1034 quia
1003 989 1135 1033 gentile,
1155 1001 1221 1022 non
1237 988 1343 1022 solum

151 1049 268 1082 hortari
288 1047 381 1082 debet
397 1059 457 1081 nos
473 1047 661 1081 christianos
677 1056 771 1091 atque
783 1058 917 1080 monere
936 1046 1009 1080 talia
1029 1058 1066 1080 ac
1084 1047 1181 1080 etiam
1197 1047 1344 1090 graviora

151 1106 265 1141 debere
277 1106 433 1151 patienter
450 1114 483 1139 et
500 1105 712 1150 equanimiter
725 1105 870 1144 tolerare,
886 1104 943 1138 sed
956 1104 1028 1149 plus
1040 1104 1149 1138 debito
1161 1104 1343 1138 dolentibus

152 1164 328 1198 christianis
350 1162 506 1208 pudorem
529 1163 682 1202 incutere,
701 1161 884 1196 videntibus
907 1163 991 1196 inter
1014 1162 1219 1196 densissimas
1242 1163 1344 1207 genti-

151 1223 246 1256 litatis
265 1220 410 1255 tenebras
428 1220 640 1254 lumenadeo
659 1220 824 1264 perspicue
843 1220 983 1254 veritatis
1002 1220 1152 1264 erupisse.
1198 1232 1264 1264 quo
1281 1219 1344 1253 fata

150 1277 280 1313 trahunt
292 1278 518 1323 retrahuntque
531 1289 713 1322 sequamur,
728 1278 841 1322 inquit.
887 1277 963 1322 quid
979 1278 1067 1311 enim
1087 1279 1191 1323 potuit
1206 1279 1344 1322 pruden-

150 1338 213 1371 tius
235 1337 415 1378 admoneri3
438 1336 515 1381 quid
538 1337 668 1381 gravius
690 1347 789 1381 quam
812 1337 1011 1380 acquiescere
1035 1336 1131 1370 fatis?
1177 1348 1252 1370 nam
1276 1337 1344 1370 sive

151 1393 252 1429 fatum
274 1395 316 1428 sit
338 1393 474 1428 influens
496 1393 637 1439 quedam
655 1405 674 1426 a
692 1393 762 1427 celo
785 1393 946 1438 stellisque
966 1394 1025 1435 vis,
1042 1395 1093 1427 cui
1118 1405 1193 1428 curn
1217 1393 1344 1428 difficile

152 1461 222 1486 tum
244 1452 285 1486 sit
306 1451 502 1496 impossibile
526 1452 700 1492 contraire3
718 1450 806 1496 quod
830 1460 939 1485 tamen
958 1463 1032 1485 vere
1056 1451 1270 1496 philosophie,
1290 1464 1345 1486 ve-

152 1510 251 1544 ritatis
273 1510 392 1544 scilicet
414 1509 594 1550 christiane,
612 1510 694 1543 ratio
717 1521 784 1543 non
808 1509 965 1551 admittit;
985 1510 1052 1543 sive
1076 1508 1178 1543 fatum
1202 1521 1270 1544 esse
1290 1522 1343 1543 ve·

153 1567 249 1602 limus
276 1569 377 1613 ipsam
406 1579 574 1601 causarum
601 1567 728 1608 seriem,
751 1578 814 1612 qua
837 1567 937 1611 prime
962 1579 1066 1608 cause,
1086 1578 1149 1611 que
1172 1566 1343 1601 infallibilis

154 1636 212 1667 est,
243 1626 349 1661 cuncti
381 1634 553 1660 nectuntur
584 1624 726 1666 effectus,
756 1636 918 1670 quamque
951 1625 991 1659 de
1024 1636 1118 1659 causa
1149 1626 1182 1659 in
1215 1637 1343 1659 causam

153 1684 291 1730 quedam
310 1685 482 1718 necessitas
501 1683 674 1718 comitatur
680 1696 690 1725 ;
706 1683 775 1718 sive
794 1682 896 1717 fatum
914 1683 1132 1728 intelligamus
1155 1684 1217 1717 Dei
1237 1684 1343 1728 provi-

154 1741 298 1776 dentiam
321 1751 435 1776 cuncta
458 1751 637 1786 regentem,
652 1741 703 1775 cui
721 1741 830 1775 sensui
854 1740 973 1774 nullius
996 1752 1074 1775 sane
1096 1740 1241 1774 doctrine
1262 1741 1344 1774 ratio

155 1799 359 1840 contradicit;
382 1799 482 1834 nichil
503 1799 677 1845 sapientius
700 1808 732 1833 et
755 1798 888 1833 homine
911 1799 1016 1844 magis
1040 1798 1176 1843 dignum
1199 1798 1262 1832 dici
1289 1809 1346 1843 po·

153 1858 225 1899 tuit,
241 1869 340 1902 quam
362 1857 450 1902 quod
473 1869 668 1902 quocunque
686 1857 736 1892 vis
757 1856 811 1891 illa
828 1858 958 1891 traxerit
976 1857 1213 1902 retraxeritque,
1234 1868 1345 1901 sequa-

154 1926 228 1950 mur
237 1915 283 1949 (²).
327 1916 439 1950 omnia
461 1914 593 1960 quidem
616 1915 764 1959 preterita
787 1914 842 1948 tali
864 1924 939 1949 sunt
969 1914 1158 1949 necessitate
1185 1914 1347 1955 conclusa,

208 2027 259 2052 ²·3·
275 2022 311 2044 Me
324 2024 410 2045 onene
424 2021 510 2051 totique
522 2033 537 2039 -
549 2026 627 2044 uentre
645 2028 659 2044 e
671 2022 756 2051 qulndt
766 2022 816 2044 coe)
830 2022 980 2044 rinc-comoda
995 2022 1014 2044 a
1026 2024 1102 2044 testo.-
1121 2021 1190 2044 mlehi
1210 2021 1258 2043 seni
1280 2021 1350 2044 totius

155 2061 217 2084 dom.
230 2061 315 2084 colum.
329 2061 394 2085 amin.
473 2070 499 2090 ⁴·
514 2061 544 2084 t)
555 2062 592 2084 Me
606 2062 652 2091 loq.
666 2068 746 2091 congr.
829 2062 851 2085 Β.
862 2061 892 2084 1)
899 2060 931 2084 N’
943 2066 1022 2084 name·
1057 2061 1094 2084 Me
1104 2062 1187 2084 onmes
1271 2067 1302 2084 ιι.
1315 2059 1348 2083 N¹

155 2105 202 2131 nq-
216 2102 253 2124 nl.
268 2108 330 2124 mou.
413 2102 448 2124 18.
463 2102 485 2130 ι]
499 2102 536 2124 Me
550 2109 562 2125 e
645 2108 681 2132 ¹9·
697 2100 730 2124 N'
745 2101 838 2131 impone.
852 2101 883 2124 ult
924 2102 961 2124 Me
976 2102 1082 2132 physicae
1162 2107 1200 2124 ao.
1217 2100 1249 2124 N¹
1265 2101 1351 2124 :mictu

157 2147 194 2172 ²³·
210 2141 243 2164 N·
258 2141 344 2165 famum

192 2238 236 2274 (1)
255 2237 346 2266 Vno.
364 2239 429 2266 Am.
446 2238 481 2274 V,
500 2246 612 2275 709-10.
776 2239 834 2271 tati,
853 2238 934 2266 l'uno
951 2238 991 2265 de'
1005 2238 1079 2273 quali
1094 2243 1275 2266 concernente
1287 2237 1353 2266 l‘or-

193 2280 236 2316 (2)
257 2281 338 2309 Stava
351 2281 371 2308 il
385 2281 414 2309 S.
427 2281 592 2309 attendendo
605 2282 632 2308 in
644 2282 731 2317 questi
777 2281 839 2308 dine
858 2280 926 2308 delle
953 2289 1041 2314 cause,
1064 2280 1082 2307 l'
1092 2281 1160 2308 altro
1186 2280 1204 2307 il
1234 2280 1299 2314 fato,
1326 2280 1353 2308 la

158 2323 243 2360 tempi
266 2323 397 2359 an'opera
425 2323 530 2360 ch'egli
556 2323 665 2351 intitolo
693 2323 732 2350 Dc
778 2330 874 2350 natura
894 2332 953 2356 sua,
971 2322 998 2351 le
1013 2323 1164 2350 definizioni
1178 2322 1231 2353 che
1245 2331 1280 2351 ne
1293 2331 1355 2350 ave—

159 2365 212 2399 saw
229 2369 252 2393 ιι
265 2365 374 2401 fortuma
392 2374 407 2392 e
426 2374 461 2393 ne
489 2374 573 2393 aveva
592 2365 732 2402 ‚probabil-
776 2374 847 2392 vano
865 2365 1010 2393 enunziato
1030 2365 1130 2392 filosofi
1149 2366 1248 2401 pagani
1267 2374 1282 2392 e
1303 2366 1355 2393 cri-

161 2414 252 2435 mente
269 2407 314 2444 gii
331 2408 469 2436 terminati
483 2409 492 2435 i
505 2408 556 2435 due
575 2408 654 2444 primi
667 2414 732 2435 trat-
776 2407 864 2435 stiani-
902 2408 931 2435 ln
951 2407 1036 2444 quest'
1046 2407 1142 2434 ultima
1157 2414 1234 2443 pane
1249 2407 1292 2435 del
1305 2416 1355 2434 suo

1370 375 1420 396 vuol
1441 376 1478 396 che
1498 375 1582 396 l'nmico

1370 403 1440 429 sappi·
1449 402 1547 430 eom'egli
1562 403 1583 423 in

1371 434 1427 450 nnn
1437 430 1474 450 etl
1484 430 1583 450 dolorosa

1371 457 1465 483 neingun
1479 456 1538 477 abbi*
1552 463 1584 477 sn·

1371 487 1421 510 puto
1438 484 1582 511 comportat-si,

1400 774 1467 795 Voles
1494 774 1585 802 Virgilio

1374 801 1411 821 che
1423 801 1441 821 :i
1453 806 1586 828 support-ne

1374 834 1414 848 eon
1449 828 1530 848 uienn
1552 829 1586 848 :io

1373 854 1411 875 che
1432 862 1439 875 ι
1457 855 1495 875 fati
1515 855 1585 875 huno

1372 881 1489 906 decret-uu
1513 888 1550 909 ug
1565 882 1585 902 'o

1373 908 1431 928 consi
1447 908 1558 933 lio,¹,bene
1573 909 1585 928 e

1371 934 1420 955 dno
1460 941 1584 963 unpngmo.

1398 1340 1520 1367 Com-:que
1553 1341 1585 1360 iu-

1373 1367 1419 1387 fatu
1432 1367 1450 1387 ti
1466 1367 1535 1394 voglin
1553 1367 1583 1387 in·

1371 1394 1456 1414 tendere
1470 1394 1484 1414 il
1503 1394 1556 1419 fato,

1372 1801 1413 1815 m
1423 1795 1440 1815 d
1450 1799 1525 1822 poten
1540 1794 1585 1814 dire

1373 1828 1422 1842 :on
1435 1822 1469 1849 piu
1478 1821 1584 1848 prudente.
