1682 2762
108 366 252 387 nostri-adulo
262 367 292 386 in-

80 400 130 414 vece
138 398 212 420 promo
220 400 292 420 aspez-

79 427 125 440 me
136 420 156 440 ιΙ
168 420 236 441 divino
246 426 293 440 cen-

81 454 109 467 no
124 447 131 467 i
144 447 222 467 vincon
244 453 293 467 con-

79 474 147 499 tutti,

81 713 96 734 ll
115 717 176 740 poeta
198 718 223 732 ne
243 712 294 732 εινὸ

83 743 205 767 argomento
216 738 236 758 di
248 738 295 758 lode

82 773 119 793 per
133 766 172 787 lui.

110 997 150 1017 Del
164 1002 221 1017 resto
231 996 251 1017 ln
260 1003 297 1023 po-

83 1025 167 1051 ligamia
196 1030 238 1044 non
263 1030 297 1043 ern

84 1051 141 1078 negli
151 1051 227 1070 antichi
235 1050 297 1076 tempi

83 1079 200 1105 riprovnn;
223 1083 234 1097 e
248 1083 297 1103 nep-

82 1111 132 1132 pure
140 1104 215 1124 Vmor
222 1103 296 1128 libero,

85 1233 143 1248 come
167 1233 217 1247 rov-
226 1226 240 1246 il
250 1232 297 1246 sor-

85 1260 132 1281 gere
151 1234 204 1274 geu-
226 1252 299 1273 scuola

85 1281 179 1308 epicure-
197 1286 209 1300 e
224 1280 297 1300 cinicn.

121 1409 193 1430 Merita
242 1408 298 1428 uindi

89 1436 177 1463 Virgilio
197 1442 224 1463 qu
246 1435 260 1455 l'
269 1436 299 1455 in-

89 1463 199 1490 dulgenzn,

95 1814 141 1839 che.
156 1813 237 1841 quando
258 1820 304 1833 unr-

95 1848 144 1863 mno
154 1841 173 1860 le
185 1840 305 1860 dissolutez-

95 1874 118 1888 ze
124 1867 180 1895 degli
189 1867 265 1887 antichi
272 1873 308 1887 ιο-

95 1895 152 1915 vrnni
170 1901 181 1914 e
198 1894 252 1921 degli
273 1894 306 1913 dei

96 1922 165 1946 stessi,

97 2044 212 2067 ottengono
224 2039 252 2066 gli
262 2039 308 2059 altri

97 2067 153 2093 poeti
163 2073 174 2086 e
184 2066 212 2093 gli
227 2066 309 2090 norici,

319 239 385 272 234
746 233 1085 262 EPISTOLARIO

321 360 393 394 licet
414 359 619 397 admonente,
633 366 759 401 ceptum
777 365 808 389 et
825 355 1050 390 confirmatum
1071 366 1215 389 amorem
1238 364 1303 388 tam
1329 362 1509 387 constanter

321 427 450 461 tamque
473 416 614 449 virtuose
639 414 798 447 dimittere
817 422 1004 457 tantamque
1023 414 1140 446 mentis
1159 412 1398 453 firmitudinem,
1415 411 1509 456 fragi—

320 475 407 509 litate
428 473 529 507 carnis
553 472 742 513 blandiente,
767 481 916 515 prestare.
963 483 1054 504 amor
1075 471 1172 515 igitur
1190 470 1254 512 ille,
1277 482 1374 515 quem
1397 481 1509 503 neces-

321 534 394 566 sitas
418 532 555 575 recipere
580 530 694 573 coegit,
714 529 829 570 celum,
842 530 910 562 imo
934 529 1093 570 divinitas,
1112 540 1175 572 que
1194 528 1268 562 celis
1281 529 1425 572 imperat,
1437 526 1511 560 fecit

320 589 456 633 impleri,
473 599 571 632 quem
589 598 798 631 personarum
814 599 881 620 non
896 586 1023 620 vetabat
1035 586 1138 620 soluta
1157 585 1314 626 condicio,
1331 585 1388 619 sed
1403 596 1510 619 mores

321 657 353 681 et
376 648 442 680 iura
465 646 551 690 regia
574 645 807 689 permittebant,
832 653 881 678 tot
904 644 1091 678 honestatus
1111 643 1356 684 circunstantiis‚
1379 654 1447 676 non
1471 642 1511 676 ad

320 703 487 738 infamiam
510 703 569 737 fuit
590 712 742 747 repertuS,
762 702 818 736 sed
839 710 872 736 ut
896 701 1021 736 daretur
1044 702 1176 735 materia
1192 702 1274 735 veris
1298 700 1444 734 laudibus
1460 711 1512 734 or-

322 763 458 796 dinatus.
505 761 586 794 adde
609 761 697 805 quod
720 760 779 794 illis
803 760 938 794 heroicis
970 759 1167 804 temporibus
1191 769 1222 793 et
1245 759 1279 792 in
1308 759 1362 793 illa
1388 758 1514 803 gentili-

323 821 394 854 tatis
419 820 560 860 cecitate,
585 818 624 852 de
648 830 710 863 qua
730 818 853 852 dictum
877 827 938 852 est:

519 903 617 939 Iupiter
633 911 691 930 esse
705 902 780 938 pium
799 902 892 929 statuit
910 902 1091 940 qupdcunque
1110 902 1214 929 iuvaret
1223 901 1268 934 (¹),

326 994 358 1027 hi
385 991 616 1026 concubinatus
639 999 671 1024 et
694 991 880 1035 polygamia
903 1000 978 1024 sunt
997 999 1145 1034 ·recepta;
1169 989 1257 1033 quod
1279 988 1410 1033 quidem
1433 988 1516 1022 adeo

325 1051 420 1084 fiebat
441 1050 559 1094 passim
584 1049 747 1093 vulgoque
770 1049 962 1092 permissum
986 1057 1062 1088 erat,
1085 1047 1173 1092 quod
1197 1048 1278 1081 inter
1295 1046 1518 1091 philosophos,

324 1109 379 1153 qui
403 1120 436 1141 se
462 1108 527 1141 vite
551 1118 744 1151 morumque
773 1116 804 1140 et
840 1106 1017 1140 honestatis
1049 1115 1249 1150 preceptores
1277 1105 1517 1150 profitebantur,

328 1174 415 1200 secta
439 1173 658 1209 consurgeret,
687 1176 749 1209 que
774 1164 971 1208 voluptatem
996 1176 1065 1198 esse
1088 1174 1254 1198 summum
1278 1163 1401 1196 bonum
1425 1162 1519 1207 perti-

327 1224 448 1257 naciter
472 1222 631 1264 diffiniret,
659 1222 768 1266 quales
801 1222 931 1256 fuerunt
950 1223 1105 1266 Epycurei
1125 1231 1157 1255 et
1191 1221 1236 1255 illi
1264 1220 1518 1265 impudentiores

327 1282 453 1325 Cynici.
500 1293 563 1325 que
581 1290 677 1322 secta,
696 1280 770 1313 licet
788 1280 916 1313 haberet
934 1280 1016 1313 inter
1031 1290 1126 1324 greca
1144 1279 1288 1324 gignasia
1307 1278 1518 1323 disputatores

327 1339 477 1373 adversos
500 1339 655 1379 infinitos,
679 1347 787 1372 tamen
811 1337 921 1371 habuit
952 1347 1133 1379 sectatores,
1152 1348 1271 1381 paucos
1302 1336 1376 1370 licet
1398 1335 1518 1381 profes-

327 1398 430 1438 sione,
456 1396 703 1430 innumerabiles
727 1406 836 1430 tamen
859 1407 903 1429 re.
951 1405 1139 1429 excusatum
1163 1395 1260 1439 igitur
1282 1394 1373 1434 habe,
1396 1404 1519 1438 precor,

329 1455 499 1488 Maronem
524 1463 680 1495 nostrum,
699 1454 754 1498 qui
778 1454 893 1487 rationi
916 1462 1100 1497 temporum
1122 1453 1265 1493 servivit,
1290 1453 1342 1496 qui
1367 1451 1520 1486 concubi-

329 1522 398 1546 tum
413 1513 503 1546 illum
513 1512 654 1546 humana
668 1513 790 1545 ratione
803 1511 954 1545 formavit
966 1511 1154 1551 honestum;
1171 1510 1288 1554 quippe
1305 1519 1391 1543 tante
1409 1508 1522 1542 mode-

328 1571 443 1604 rationi
463 1579 633 1604 contentus
653 1569 799 1603 divinum
819 1570 915 1602 etiam
931 1568 1075 1602 adhibuit
1089 1568 1283 1609 ordinatum,
1294 1567 1422 1612 quique,
1434 1565 1523 1611 quod

329 1628 524 1673 peculiariter
541 1636 706 1671 poetarum
723 1637 781 1668 est,
792 1627 838 1660 sic
853 1627 904 1660 illa
913 1626 1079 1667 confinxit,
1093 1626 1180 1670 quod
1192 1636 1400 1670 personarum
1415 1624 1523 1658 obser-

330 1687 453 1720 vaverit
475 1687 712 1730 proprietatem.
758 1684 815 1719 sed
839 1684 901 1726 dic,
924 1684 1066 1725 obsecro,
1091 1684 1198 1718 dicant
1221 1693 1253 1717 et
1275 1695 1391 1717 omnes
1413 1683 1468 1727 qui
1483 1681 1523 1716 de

331 1753 515 1788 temporum
547 1752 734 1777 nostrorum
757 1743 882 1776 ratione
905 1743 1007 1787 prisca
1029 1742 1125 1776 vultis
1157 1751 1303 1786 tempora
1321 1740 1473 1780 iudicare,
1496 1740 1523 1774 si

332 1802 528 1846 reppereritis
545 1813 688 1846 unquam
701 1802 734 1834 in
747 1801 896 1844 hystoriis
911 1800 1040 1845 regibus
1051 1812 1120 1834 esse
1129 1809 1309 1834 scortorum
1321 1792 1448 1844 greges,
1455 1810 1524 1832 non

332 1859 524 1893 feminarum
538 1859 757 1899 solummodo,
777 1858 833 1892 sed
847 1858 1045 1903 puerorum?
1089 1857 1235 1902 nunquid
1253 1857 1390 1901 legeritis
1403 1856 1524 1900 Hylam

335 1917 477 1959 Herculi,
509 1918 717 1961 Cyparissum
741 1916 853 1950 Phebo
882 1916 1034 1950 dilectum
1061 1925 1093 1949 et
1116 1916 1175 1960 ipsi
1203 1915 1274 1949 Iovi
1297 1913 1524 1958 Ganymedem

334 1985 460 2020 raptum
484 1987 552 2009 esse
575 1986 643 2008 non
666 1974 857 2020 poculorum
877 1975 1069 2014 ministrum,
1089 1973 1146 2007 sed
1165 1973 1204 2007 ad
1221 1973 1358 2007 libidinis
1386 1972 1526 2006 oblecta-

336 2033 507 2067 mentum?
552 2045 611 2066 nec
634 2042 743 2066 tamen
766 2044 806 2066 ex
828 2032 892 2066 hoc
925 2032 1107 2076 reprehensi
1131 2041 1207 2065 sunt
1230 2031 1282 2065 vel
1303 2030 1456 2074 hystorici
1475 2029 1527 2063 vel

336 2099 442 2134 poete.
489 2101 529 2123 an
557 2090 710 2134 ignoratis
730 2090 945 2130 Thalestrem‚
970 2090 1175 2122 Amazonum
1204 2088 1361 2132 reginam,
1384 2097 1527 2121 commu-

340 2147 552 2182 nicandorum
571 2148 743 2182 liberorum
766 2148 878 2193 gratia,
900 2159 1010 2191 regem
1046 2146 1275 2187 Macedonum,
1295 2144 1527 2185 Alexandrum,

394 2247 412 2263 ι.
424 2244 446 2262 et
459 2240 472 2262 ἐ
485 2243 579 2269 coperto
594 2241 633 2262 nel
645 2241 696 2264 cod.
711 2241 742 2263 da
756 2246 804 2263 una
819 2239 924 2262 macchia
938 2239 966 2261 di
977 2245 1039 2262 cera.

338 2280 389 2302 cod.
402 2280 444 2301 che
465 2280 486 2301 le
499 2280 574 2308 prime
590 2282 625 2302 tre
640 2281 730 2302 lettere.
798 2287 825 2308 4.
840 2279 895 2303 Cod.
909 2277 980 2307 recipi

339 2326 370 2342 un
384 2323 470 2342 neutro
482 2320 585 2348 plurale.

1095 2245 1116 2261 a.
1124 2239 1156 2261 Di
1163 2237 1273 2261 dimittere
1287 2244 1333 2260 non
1341 2237 1367 2260 ει·
1373 2238 1481 2266 leggono
1491 2237 1531 2259 nel

1047 2285 1080 2300 u.
1093 2277 1142 2300 Par
1155 2277 1198 2300 che
1212 2277 1232 2299 ιῚ
1243 2275 1269 2298 S.
1283 2276 1388 2299 cretaeae
1401 2275 1529 2305 polypum

376 2396 418 2430 (1)
438 2396 526 2423 Ovm.
545 2396 632 2424 Eroid.
653 2405 696 2432 ep.
714 2396 761 2430 IV,
783 2404 840 2432 133·

1545 897 1585 922 ΚΟ

1548 1228 1585 1261 15

1548 1515 1591 1539 20

1550 1807 1591 1841 25

1554 2101 1597 2134 30
