1696 2782
0 1137 11 1259 Ξ

86 945 126 970 10

89 1232 123 1266 ¹5

83 1538 127 1563 20

86 1952 128 1987 25

429 288 477 315 DI
507 287 774 316 COLUCCIO
807 285 1076 314 SALUTATI.
1287 287 1347 320 119

152 413 221 446 sine
245 410 517 445 discriminatione
540 410 724 455 permiscuit
746 419 778 444 et
801 411 949 444 unumin
968 409 1103 444 alterum
1123 410 1347 443 commutavit.

152 478 186 504 et
204 469 263 504 hec
282 469 447 503 hactenus.

218 529 315 562 Nunc
333 536 442 561 autem
458 526 536 560 volo
552 527 609 561 tibi
627 526 818 571 persuadeas
830 538 884 560 me
902 527 1026 561 virtutis
1043 536 1075 560 et
1093 527 1237 567 scientie,
1250 537 1348 571 quam
1376 530 1543 578 ὧῖοῐέῖξῗῖϋῇ
1551 537 1591 578 :¹3⁴3

153 587 185 619 in
204 595 236 620 te
257 586 344 620 Deus
358 584 527 619 ostendere
547 585 696 630 dignatus
715 594 774 626 est,
790 594 995 619 commotum
1014 594 1109 630 atque
1123 585 1295 629 pellectum
1315 585 1349 618 in
1376 584 1590 613 ¹¹²¹W³¹C⁵⁸¹⁰¹¹¹⁰³

153 644 299 678 animum
321 643 485 678 induxisse
505 655 616 678 meum
640 643 867 688 dignissimum
892 654 971 683 esse,
991 642 1079 688 quod
1103 653 1135 677 te
1159 654 1226 677 non
1242 643 1349 677 solum

152 702 285 747 diligam
300 710 336 736 ut
346 703 542 747 proximum,
554 701 611 736 sed
625 701 730 736 colam
745 710 777 735 et
795 713 903 735 amem
919 701 1016 735 etiam
1032 711 1067 735 ut
1086 702 1237 742 amicum,
1254 710 1349 746 teque
1376 714 1398 734 ιο
1412 720 1474 741 ρης.
1485 714 1506 746 ςιὶ
1526 713 1591 734 ωηε-

152 761 392 806 rogau'ssimum
407 754 516 801 velim,
524 759 613 805 quod
630 759 881 794 benivolentiam
897 769 987 794 tuam
1003 759 1101 793 michi
1114 771 1181 794 non
1193 759 1349 794 invideas.
1375 740 1508 768 spondershz

152 830 240 860 nam,
263 827 300 854 ut
319 828 429 853 noster
449 828 582 853 testatur
601 818 727 860 Cicero,
748 818 848 853 nichil
871 818 980 852 minus
1007 818 1149 852 hominis
1173 827 1231 860 est,
1251 830 1349 863 quam

152 889 220 912 non
233 876 427 922 respondere
443 877 476 911 in
491 888 612 917 amore,
637 888 711 912 cum
727 877 909 922 provoceris
921 876 975 918 (¹³3
999 886 1035 910 ut
1054 876 1174 910 amodo
1197 875 1350 921 quicquid

152 935 250 970 michi
273 936 362 970 Deus
386 936 544 969 concessit
568 944 663 980 atque
686 934 844 969 concedet
866 933 917 968 vel
936 934 1052 968 habere
1069 934 1121 968 vel
1139 945 1234 979 posse
1257 943 1350 969 tuum

152 993 249 1028 dicas.
294 992 450 1028 Iacobum
462 1002 571 1028 autem
585 1005 709 1035 meum,
723 1004 822 1038 quem
838 1003 930 1026 amor
941 991 1130 1037 affectioque
1150 991 1293 1026 discendi
1310 991 1349 1026 ad
1377 995 1591 1050 ssmmffifflggu‘ff'*

151 1061 184 1086 te
206 1062 307 1097 usque
333 1051 491 1096 perduxit,
509 1051 642 1096 recipias
665 1051 698 1085 in
728 1050 844 1093 filium,
869 1061 996 1096 precor;
1021 1050 1122 1095 dirige
1154 1050 1294 1084 consiliis
1319 1059 1351 1084 et

152 1109 314 1145 favoribus
338 1109 463 1152 adiuva,
486 1122 552 1156 quo
578 1109 678 1144 finem
709 1109 986 1151 honestissimum,
1009 1109 1049 1143 ad
1079 1121 1178 1154 quem
1204 1110 1350 1154 suspirat,

153 1169 309 1213 attingam
337 1169 483 1214 quanvis,
505 1178 677 1213 postquam
704 1167 744 1202 ad
774 1176 806 1202 te
835 1168 992 1213 pervenit,
1017 1168 1193 1202 certissime
1221 1177 1350 1202 teneam

153 1226 211 1261 sibi
239 1237 300 1260 nec
322 1225 439 1260 ducem
461 1225 647 1261 defuturum
670 1225 710 1260 ad
733 1225 785 1259 illa
807 1237 870 1271 que
893 1225 1051 1260 desiderat
1078 1237 1139 1260 nec
1164 1225 1351 1270 presidium,

153 1285 180 1319 si
199 1284 370 1319 defecerint
393 1296 431 1319 ea
448 1285 518 1319 sine
533 1284 648 1330 quibus
667 1284 792 1329 assequi
813 1294 952 1330 nequeat
973 1283 1061 1329 quod
1082 1293 1222 1329 exoptat.
1268 1284 1350 1326 vale,

154 1343 432 1378 consumatissime
456 1342 515 1384 vir,
534 1351 566 1376 et
585 1354 639 1376 me
658 1342 780 1387 diligas.
826 1353 890 1387 ego
909 1341 1040 1386 quidem
1063 1351 1095 1376 te
1119 1341 1222 1376 donec
1241 1342 1350 1376 vivam

153 1399 271 1435 amabo
293 1409 335 1442 et,
359 1410 395 1435 ut
417 1400 597 1445 virgiliano
617 1399 809 1434 concludam
827 1399 997 1440 versiculo,
1017 1411 1115 1444 penes
1131 1410 1184 1433 me

330 1468 445 1504 Semper
460 1468 551 1495 honos
565 1476 720 1504 nomenque
738 1474 816 1495 tuum
835 1466 982 1503 laudesque
1002 1467 1149 1494 manebunt
1160 1466 1203 1494 (2).

220 1535 298 1569 Post
321 1534 379 1569 hec
400 1533 460 1569 feci
483 1534 571 1580 quod
594 1543 703 1568 noster
727 1533 857 1569 Manuel
877 1533 928 1568 hic
945 1533 1175 1568 honorabiliter
1198 1542 1246 1568 est
1268 1533 1351 1567 elec·
1378 1546 1390 1560 e
1427 1539 1591 1559 imminu

1378 1565 1394 1586 1·
1415 1567 1487 1586 eaione
1500 1565 1532 1586 del
1546 1565 1591 1586 cn'-

153 1592 259 1627 tusffl.
305 1593 411 1638 ipsum
434 1592 567 1627 horteris
586 1602 621 1627 ut
638 1593 755 1634 veniat,
771 1591 929 1626 honorem
944 1601 976 1626 et
992 1591 1130 1636 gloriam
1150 1591 1351 1637 adepturum.
1378 1592 1592 1640 fflggufmst

154 1650 327 1692 Florentie,
350 1650 478 1685 decimo
491 1650 643 1685 kalendas
662 1650 802 1684 martias.

697 1797 808 1832 XIIII.

505 1872 535 1906 A
559 1871 729 1906 Manum
752 1871 944 1906 Ciusotou
955 1871 1000 1904 (⁴).

263 1952 320 1988 ss),
339 1961 364 1980 c.
385 1951 476 1985 126&
495 1951 607 1984 Munus,
624 1951 682 1979 Vita
700 1952 735 1980 A.
754 1952 926 1985 vamarii,
945 1960 971 1987 p.
990 1958 1115 1984 ceetvu,
1134 1951 1169 1978 da
1188 1951 1244 1987 L¹.]

370 2025 643 2071 Eloquentissimo
659 2025 731 2060 vito
750 2025 944 2060 Hemanueli
964 2025 1138 2059 Crisolore.

225 2105 408 2130 mnssxmz
431 2095 480 2129 vir
498 2104 530 2129 et
548 2095 689 2140 ingentis
708 2093 804 2134 fame,
824 2093 919 2129 frater
933 2093 1054 2138 optime
1078 2102 1110 2128 et
1133 2094 1236 2128 amice
1255 2094 1352 2128 karis-
1402 2102 1416 2122 ι
1429 2075 1572 2128 33ῗὶφό-

248 2153 339 2187 sime.
385 2161 557 2198 postquam
586 2152 626 2187 ad
644 2152 860 2187 venerabilem
888 2150 1135 2197 mirandumque
1150 2160 1274 2197 patrem
1294 2151 1352 2186 Di·
1380 2141 1596 2190 „uffiffiff”

211 2251 284 2275 ¹¹⁰¹9·
305 2245 391 2274 Qum
405 2245 480 2268 trano
493 2244 507 2267 ὲ
520 2244 654 2274 dprodouo
666 2244 710 2267 aa!
722 2243 812 2271 Mena,
826 2249 863 2273 op.
876 2243 917 2267 cit.
930 2249 955 2272 ρ.
972 2247 1084 2266 ceant.
1155 2243 1182 2266 18
1206 2243 1244 2272 ut]
1259 2242 1316 2266 eod.
1330 2241 1353 2264 in

156 2291 230 2308 mu.
243 2285 321 2308 Ant-he
333 2287 415 2314 quem
427 2285 542 2314 poectum
555 2285 579 2307 11
590 2284 664 2314 tenve
678 2284 703 2306 ln
718 2283 808 2311 Merene,
824 2289 862 2312 ορ.
875 2290 889 2306 e
903 2284 947 2307 loe.
961 2284 1002 2307 cit.
1057 2289 1093 2307 aa.
1112 2283 1169 2307 eod.
1187 2282 1259 2306 maia·

191 2371 235 2406 (1)
253 2370 316 2399 C1c.
335 2370 383 2408 Ep.
401 2369 434 2398 ad
452 2370 523 2398 Brut.
541 2369 562 2404 1,
584 2378 606 2397 1.
811 2369 855 2404 (4)
875 2368 911 2396 Se
930 2369 1039 2396 intorno
1058 2368 1111 2396 alle
1130 2368 1244 2396 vicende
1267 2368 1295 2396 di
1317 2369 1353 2396 D.

191 2412 236 2448 (a)
253 2412 343 2441 Vno.
361 2413 422 2441 Buc.
440 2412 476 2446 V,
493 2413 536 2448 78.
776 2411 894 2440 Cidonio
913 2413 969 2439 cosi
989 2412 1074 2447 prima
1093 2419 1173 2439 come
1188 2412 1261 2448 dopo
1272 2411 1291 2439 il
1304 2420 1353 2439 suo

193 2455 235 2491 (3)
251 2455 295 2484 Cf.
313 2461 378 2483 nota
396 2462 422 2489 4.
775 2454 877 2482 ritorno
894 2460 936 2482 tra
954 2455 1000 2482 noi
1024 2462 1108 2490 regna
1136 2455 1237 2491 grande
1265 2455 1353 2483 incer-
