1696 2782
151 439 176 459 Se
190 439 246 459 vnlse
259 438 335 458 l'nuto-

123 467 163 486 riu
180 466 200 486 di
218 465 296 485 Catone
312 471 334 484 e-

124 493 188 512 stium
198 499 209 512 a
220 493 335 518 disti-agger

124 519 240 546 ean-gine.
249 519 306 539 varri
315 517 335 537 la

123 551 239 572 sun-pone
247 545 287 565 fine
295 544 335 564 nlla

122 573 252 619 Ξεριιᾶῇοιιε
269 576 301 591 tra
317 571 334 591 le

135 606 160 619 ue
207 605 260 623 rese;

123 684 182 698 come
196 684 208 698 ι
223 682 299 704 stet-par
315 677 334 696 le

123 705 186 725 eresie
219 705 333 731 giovarono

124 731 153 758 gli
161 732 224 751 scritti
230 731 261 751 de'
267 731 333 751 Padri.

148 1020 221 1040 Pacci·
253 1020 293 1040 dun
309 1026 334 1040 ue

122 1052 198 1073 quanto
215 1052 246 1067 sm
265 1047 285 1066 in
295 1027 333 1066 ‘lui

122 1080 157 1100 per
171 1074 257 1100 giunger
271 1080 282 1093 n
292 1073 334 1093 ule

121 1100 224 1125 risulmo,

124 1427 135 1440 e
149 1420 240 1447 gradisca
254 1421 260 1440 i
274 1420 334 1440 saluti

124 1447 161 1467 che
169 1447 198 1474 gli
205 1447 260 1467 iuvit
267 1447 287 1466 in
292 1453 337 1467 cor-

125 1473 177 1494 diale
191 1474 298 1494 riumbio.

150 1772 180 1792 Ed
194 1779 229 1792 orn
246 1773 274 1800 gli
291 1780 334 1794 mn-

124 1798 220 1819 nifesteri
224 1799 243 1819 ln
250 1801 334 1827 ragione

111 1839 117 1843 .
124 1832 160 1852 per
168 1826 200 1846 cui
210 1826 228 1846 nl
239 1833 277 1847 suo
287 1834 334 1847 con-

124 1856 182 1872 tento
203 1853 220 1873 si
243 1854 334 1874 mescolb

124 1878 145 1899 lo
159 1883 250 1906 stupore.

150 1949 212 1971 Ceno
227 1950 334 1972 Demetrio

124 1982 165 1996 non
170 1977 242 2004 ignora
246 1978 283 1998 che
288 1978 334 1999 1ἰὶ-

124 2003 176 2023 seno
188 2004 276 2026 acciecn.

366 311 426 333 110
779 305 1124 333 EPISTOLARIO

361 433 399 467 ad
415 432 602 467 diruendam
620 431 848 475 Carthaginem
867 431 1000 464 Catonis
1020 431 1191 464 auctoritas
1214 440 1288 475 post
1312 440 1462 472 mortem,
1482 432 1555 476 quis

362 491 483 525 dubitet
506 499 537 523 et
548 490 662 533 scripta
681 499 734 523 tua
748 501 806 533 pro
827 489 956 523 veritate
976 498 1087 522 contra
1104 488 1310 522 mendacium
1330 499 1362 522 et
1381 500 1439 533 pro
1454 490 1555 524 salute

363 559 472 583 contra
486 549 738 588 damnationem,
754 560 828 581 cum
845 549 916 581 Deo
935 547 1098 592 placuerit,
1110 547 1185 581 huic
1201 547 1436 581 abominationi
1454 547 1555 582 finem

360 619 478 652 ponere
501 606 660 640 valitura?
705 617 883 650 nunquam,
901 605 993 639 crede
1013 605 1123 647 michi,
1145 607 1250 639 exitus
1270 606 1422 640 inventus
1445 606 1557 640 fuisset

361 666 491 700 infinitis
515 664 687 705 heresibus,
712 676 774 708 que
797 663 897 697 veluti
920 664 1042 697 zizania
1066 664 1148 698 inter
1172 664 1292 698 Christi
1313 673 1437 709 segetes
1454 664 1557 708 pullu-

360 724 473 761 larunt,
498 723 558 756 nisi
583 731 767 756 sanctorum
798 732 924 766 patrum
953 722 1068 766 scripta
1090 722 1124 755 in
1156 731 1301 766 posteros
1325 723 1555 766 pervenissent.

360 780 460 814 ferme
480 780 609 824 quidem
634 791 748 814 omnes
771 779 814 813 illi
838 780 979 813 veritatis
1003 779 1127 824 pugiles
1159 789 1191 814 et
1214 779 1342 820 athlete,
1366 791 1474 824 pugna
1498 779 1557 814 du-

361 848 448 872 rante
472 838 628 872 stantibus
652 847 684 871 et
707 838 740 871 in
764 837 876 871 ordine
895 849 954 871 suo
980 838 1079 881 signis
1103 847 1135 871 et
1163 837 1291 872 aciebus
1322 837 1464 882 undique
1489 850 1557 872 non

361 897 466 930 solum
484 897 654 937 instructis,
669 895 724 929 sed
741 895 974 936 dimicantibus,
995 895 1187 937 ceciderunt,
1205 897 1258 940 qui
1274 895 1372 940 longe
1391 896 1463 941 plus
1481 897 1556 930 scri-

361 955 471 988 bentes
494 966 591 998 quam
615 954 813 998 disputantes
837 963 868 987 et
895 954 1023 995 mortui,
1037 965 1136 998 quam
1160 965 1235 988 cum
1259 954 1406 987 viverent
1429 954 1557 998 profue-

360 1023 442 1048 runt.
490 1013 585 1047 facies
609 1014 641 1046 in
661 1012 723 1046 hoc
742 1021 849 1045 tamen
870 1012 957 1056 quod
981 1012 1037 1046 tibi
1053 1012 1159 1046 visum
1175 1012 1280 1052 fuerit,
1301 1021 1336 1046 ut
1359 1013 1433 1046 Deo
1453 1012 1558 1047 fructi-

360 1071 436 1105 fices
459 1080 491 1105 et
513 1071 642 1105 lucreris
667 1071 788 1104 animas
811 1070 1034 1114 proximorum
1053 1079 1195 1112 tuorum,
1220 1070 1335 1115 quibus
1359 1080 1391 1104 et
1413 1071 1486 1115 lege
1500 1083 1558 1104 na—

360 1139 440 1170 ture,
458 1141 531 1163 curn
546 1129 647 1162 homo
671 1138 799 1172 propter
817 1128 983 1161 hominem
1003 1129 1043 1162 sit
1063 1138 1185 1162 creatus
1200 1129 1245 1170 (¹),
1266 1129 1440 1173 plurimum
1459 1128 1557 1163 debes

362 1197 393 1222 et
423 1187 529 1221 divine
559 1187 768 1220 institutionis
797 1186 926 1220 oraculo
955 1198 1022 1220 non
1046 1187 1154 1220 minus
1179 1186 1218 1220 ad
1251 1186 1389 1220 eandem
1419 1186 1557 1231 gloriam

360 1247 446 1290 ipsos
466 1246 581 1279 teneris
600 1244 729 1288 diligere
746 1255 842 1288 quam
857 1253 888 1278 te
904 1245 1009 1288 ipsum
1020 1244 1073 1286 (²);
1090 1255 1218 1278 mernor
1229 1245 1327 1278 etiam
1342 1245 1431 1289 quod
1445 1257 1557 1279 servus

360 1303 479 1337 inutilis
495 1302 649 1336 iudicatus
666 1311 712 1335 est
732 1302 787 1346 qui
806 1301 961 1336 creditum
981 1302 1138 1336 talentum
1158 1314 1176 1335 a
1195 1302 1332 1336 domino
1350 1314 1430 1343 non,
1454 1312 1491 1337 ut
1507 1303 1557 1338 lu-

362 1370 508 1402 craretur,
527 1360 676 1401 exercuit,
696 1360 752 1394 sed
775 1360 1070 1405 representandum‚
1089 1372 1164 1394 cum
1179 1370 1340 1405 peteretur
1354 1361 1446 1403 ratio,
1465 1373 1557 1406 sepe-

360 1419 428 1453 livit
440 1419 483 1452 (3).
524 1419 583 1452 hec
595 1418 747 1452 hactenus
754 1431 763 1460 ;
776 1428 810 1452 ut
826 1429 1003 1462 cognoscas
1015 1430 1112 1463 quare
1124 1418 1206 1453 letus
1218 1419 1355 1453 salutem
1369 1420 1557 1464 acceperim,

361 1487 458 1521 quam
481 1486 547 1510 tam
571 1476 777 1510 amicabiliter
800 1476 995 1521 impendisti,
1019 1488 1078 1521 pro
1101 1488 1163 1521 qua
1186 1477 1420 1511 resalutationis
1445 1477 1555 1512 debito

361 1534 534 1579 persoluto,
550 1545 617 1567 non
634 1534 688 1567 illo
705 1534 836 1578 vulgari,
852 1534 940 1579 quod
955 1535 988 1568 in
1009 1547 1063 1568 ore
1082 1545 1309 1569 summotenus
1328 1536 1478 1570 omnium
1497 1545 1557 1578 est,

360 1592 510 1637 quodque
533 1592 664 1636 quidam
687 1593 791 1636 pudor
813 1592 1056 1627 inhumanitatis
1079 1602 1266 1638 extorquet3
1286 1593 1342 1627 sed
1360 1593 1417 1628 illo
1440 1594 1556 1628 saluta-

360 1651 457 1684 tionis
473 1650 579 1684 debito
595 1659 688 1695 atque
704 1661 795 1692 voto,
813 1651 901 1695 quod
922 1651 961 1685 de
980 1660 1069 1696 grate
1085 1651 1202 1685 mentis
1218 1651 1432 1696 penetralibus
1450 1652 1557 1696 prodit

361 1717 392 1741 et
406 1708 492 1752 quod
511 1708 604 1742 debet
623 1717 654 1742 et
676 1718 781 1753 potest
800 1709 839 1742 ad
862 1709 1107 1743 retributionem
1127 1709 1289 1744 obnoxius
1312 1719 1474 1754 exoptare.

426 1767 523 1801 Nunc
539 1776 646 1800 autem
665 1766 741 1811 quid
759 1765 875 1801 fuerim
892 1767 1064 1801 admiratus
1083 1768 1230 1812 accipias.
1277 1768 1345 1802 scio
1361 1767 1555 1813 quod,·'cum

361 1837 428 1858 non
443 1826 508 1858 iam
528 1826 644 1866 senior,
660 1825 717 1859 sed
732 1826 868 1859 omnino
887 1838 987 1859 senex
1005 1827 1058 1867 sis,
1078 1826 1180 1860 multa
1194 1835 1225 1860 te
1240 1837 1372 1860 necesse
1391 1825 1510 1860 vidisse
1524 1835 1557 1860 et

361 1883 553 1927 experientie
563 1883 805 1924 consuetudine,
816 1892 919 1927 preter
927 1895 964 1917 ea
972 1896 1034 1928 que
1044 1884 1083 1918 de
1091 1884 1235 1918 doctrina
1243 1885 1449 1929 proveniunt,
1454 1893 1555 1919 artem

361 1941 416 1974 tibi
429 1941 558 1974 vivendi
575 1953 768 1986 componere
783 1941 938 1975 debuisse.
986 1942 1035 1976 dic
1052 1942 1160 1983 michi,
1174 1943 1334 1976 carissime
1353 1943 1398 1976 mi
1414 1943 1554 1984 Dimitti,

360 2011 469 2033 nonne
481 2011 606 2044 semper
621 2001 769 2034 invenisti
787 2000 991 2035 dilectionem
1005 2001 1117 2035 obesse
1133 2001 1254 2035 iudicio
1273 2011 1304 2035 et
1319 2002 1440 2035 amicos
1459 2001 1555 2035 nimis

414 2129 450 2152 23.
467 2123 522 2146 Cod.
537 2129 604 2152 quam

979 2229 1012 2255 da
1031 2228 1070 2254 lui
1085 2227 1150 2255 fatte
1165 2229 1192 2254 in
1209 2228 1355 2260 FAnmcm,
1370 2227 1435 2255 Bibl.
1450 2236 1553 2262 graeca,

977 2270 1021 2297 lib.
1032 2270 1066 2302 V,
1077 2279 1135 2306 cap.
1145 2278 1222 2302 x1.111‚
1233 2270 1267 2303 X,
1280 2269 1330 2305 386
1346 2278 1404 2306 sgg.
1419 2278 1434 2296 e
1447 2269 1554 2303 Misus,

977 2313 1074 2340 Patrol.
1093 2321 1194 2347 graeca,
1215 2312 1313 2345 CLIV,
1332 2311 1482 2347 825-1216.

1012 2355 1055 2390 (1)
1075 2355 1118 2382 Cf.
1139 2355 1227 2383 Gener.
1244 2355 1278 2388 11,
1301 2355 1340 2382 18.

1012 2398 1055 2432 (2)
1075 2396 1118 2424 Cf.
1138 2405 1159 2424 s.
1179 2397 1273 2423 MARc.
1292 2396 1353 2428 XII,
1375 2404 1422 2431 3¹3
1440 2404 1462 2423 s.
1483 2395 1554 2424 Luc.

977 2440 1011 2472 X,
1028 2447 1060 2474 27
1077 2439 1125 2467 ἃς.

1013 2482 1056 2517 (3)
1075 2481 1118 2509 Cf.
1138 2489 1160 2509 ς.
1178 2482 1295 2510 Mam-u.
1315 2481 1401 2514 XXV,
1421 2481 1517 2514 24-28.

359 2227 421 2254 vole
431 2236 545 2254 numero
556 2227 663 2263 d’opere
674 2228 768 2254 dirette
775 2237 789 2254 a
797 2228 933 2255 confutare

360 2269 397 2304 gli
409 2270 492 2296 errori
504 2269 546 2296 de'
559 2270 636 2298 Greci
650 2279 665 2297 e
676 2271 798 2298 tradusse
807 2271 933 2307 parecchi

360 2318 400 2338 tra
414 2311 452 2346 gli
467 2312 548 2339 scritti
567 2312 613 2347 piu
628 2313 785 2348 importanti
804 2313 844 2340 de'
856 2313 932 2348 padri

361 2353 428 2380 della
440 2354 540 2381 Chiesa
555 2354 637 2381 latina
648 2355 895 2390 (particolarmente
905 2356 931 2382 di

360 2404 381 2422 s.
392 2395 555 2430 Tommaso)
566 2405 611 2432 per
622 2397 737 2424 renderli
747 2398 896 2424 accessibili
907 2398 932 2424 ai

360 2437 416 2463 suoi
428 2438 603 2472 compatrioti.
642 2438 683 2465 Cf.
698 2438 716 2465 il
726 2439 851 2475 catalogo
861 2439 931 2466 delle

359 2486 407 2504 sue
422 2486 503 2513 opere
520 2479 645 2515 originali
662 2489 677 2507 e
692 2479 763 2507 delle
782 2481 931 2508 traduzioni

1589 962 1628 986 10

1588 1256 1625 1290 15

1583 1547 1628 1572 20

1583 1837 1626 1872 25
