1682 2762
107 483 199 504 flumini
210 490 234 504 or
243 484 293 503 dun-

80 517 120 537 que
151 516 198 530 neco
233 516 293 530 come

80 538 125 557 sinn
139 538 213 557 audate
230 537 249 557 le
259 543 293 557 co-

80 571 110 584 se.
120 564 180 584 Volle
188 564 203 584 il
211 563 293 583 fratello

82 591 229 611 d'Alessandro
255 591 292 610 che

80 618 146 638 costui
166 618 293 638 distribuisse

81 646 102 665 iu
118 651 181 671 opere
196 645 215 664 di
229 645 293 665 carita

81 673 87 692 i
101 672 148 692 suoi
163 671 217 691 beni.

106 698 139 718 Ne
167 703 243 725 poten
267 698 293 718 ue

81 726 93 745 d
94 732 161 745 vvvvv
171 725 293 745 Menandro

80 758 172 772 assumet
186 752 228 772 tale
238 753 292 772 ine--

81 779 140 804 rico;

80 1299 90 1311 s
92 1293 148 1312 nnnnn

323 233 387 275 5‘7'6
746 231 1093 265 EPISTOLARm

321 365 406 398 iisset
430 375 446 397 e
471 363 619 403 claustro,
643 361 868 396 damnabiliter
890 362 1090 396 incursurum
1117 374 1191 396 cum
1215 361 1361 396 eiusdem
1377 361 1524 397 factionis

322 421 532 466 complicibus
555 421 740 465 sequereris.

390 481 620 514 Examinemus
653 491 823 524 parumper
859 491 998 514 causam.
1058 480 1185 524 reliquit
1221 491 1396 524 germanus
1429 480 1524 514 huius

321 539 493 574 Alexandri
507 540 553 573 tui
573 539 683 572 omnia
708 538 794 572 bona
816 550 883 579 sua,
901 539 983 572 sicut
997 538 1154 573 idemmet
1170 548 1368 583 persuaserat
1383 538 1523 573 Alexan-

322 598 386 639 der,
411 597 538 631 arbitrio
561 596 698 630 fraterne
723 596 947 630 decl-arationis
971 597 1004 630 in
1025 597 1149 641 pietatis
1174 608 1271 641 opera
1295 596 1523 632 convertenda«

321 656 473 690 debuitne
493 655 545 689 vel
562 655 601 690 de
616 656 683 689 iure
696 664 822 699 poterat
834 654 1017 689 Alexander
1029 655 1209 689 monachus
1230 664 1262 689 et
1278 656 1410 689 eremita
1425 655 1523 690 talem

322 715 590 748 commissionem
611 723 723 747 contra
746 713 856 758 prelati
873 714 1078 748 voluntatem
1097 723 1272 759 acceptare,
1292 714 1450 748 declarare
1469 714 1522 748 vel

322 773 465 817 exsequi,
483 784 557 806 cum
582 773 656 806 Deo
676 771 801 806 dicatus
823 783 858 805 se
878 783 946 806 non
963 773 1072 817 possit,
1094 773 1191 806 etiam
1207 773 1234 805 si
1249 773 1373 817 pietatis
1389 773 1455 806 sint
1469 783 1524 807 ne-

321 832 426 875 gocia,
447 832 516 865 sine
540 831 658 865 scelere
682 831 944 876 transgressionis
968 830 1007 864 de
1026 830 1141 865 talibus
1164 831 1346 876 impedire?
1389 842 1450 865 nec
1468 830 1525 865 de-

322 890 390 923 buit
414 901 474 923 nec
497 890 602 934 potuit
625 888 781 934 profecto,
807 889 960 934 Raphael‚
984 890 1149 933 presertim
1180 901 1255 923 cum
1285 890 1424 934 prelatus
1447 901 1524 924 eum

321 949 499 994 specialiter
511 948 693 993 prohiberet
701 949 745 982 (¹).
786 948 957 982 contraius
970 957 1046 989 erat,
1060 948 1245 983 inconsulto
1258 949 1431 994 superiore,
1447 949 1521 982 sirn-

229 1011 292 1051 Ἷῃξ,
321 1007 442 1052 pliciter
466 1007 544 1041 illud
565 1007 685 1048 facere3
706 1015 829 1051 quanto
847 1007 950 1051 magis
961 1007 1119 1041 iniustum
1139 1017 1171 1041 et
1195 1006 1353 1041 nefarium
1369 1015 1430 1049 est,
1447 1018 1523 1041 curn

321 1067 470 1111 prelatus,
485 1067 534 1100 cui
547 1067 657 1099 votiva
672 1065 806 1100 debetur
821 1065 1015 1106 obedientia,
1031 1066 1210 1110 negaverit,
1226 1066 1260 1099 id
1275 1066 1405 1110 egisse?
1442 1077 1522 1111 ergo

320 1125 511 1169 religiosum
531 1134 578 1158 est
603 1124 720 1158 alienas
745 1124 798 1158 vel
831 1135 904 1158 suas
929 1125 1080 1169 pecunias
1104 1126 1303 1158 monasterio
1328 1124 1522 1169 dispensare,

270 1191 292 1204 ⁰·
321 1195 407 1224 cum,
420 1193 501 1217 teste
515 1183 669 1227 magistro
690 1183 839 1227 religiose
854 1182 1058 1217 observantie
1082 1183 1250 1224 Cassiano,
1266 1182 1523 1218 famosissimum

286 1253 293 1281 ζ
320 1241 398 1276 illud
422 1241 591 1275 Thebaide
609 1242 844 1275 monasterium
864 1241 962 1275 nichil
978 1253 1107 1286 prorsus
1127 1241 1167 1275 de
1179 1241 1354 1276 substantia
1369 1241 1522 1286 profiten-

320 1301 402 1335 tium
426 1299 613 1344 attingebat,
637 1299 694 1334 sed
719 1309 823 1334 vestes
861 1300 957 1334 etiarn
983 1299 1235 1345 ingredientium
1262 1300 1454 1345 pauperibus
1477 1300 1524 1335 di-

321 1358 561 1404 spensabat?(²)
612 1369 688 1391 nam
712 1367 744 1391 et
776 1358 828 1391 illa
860 1367 954 1391 vetus
988 1369 1024 1392 ac
1055 1359 1255 1392 sanctissima
1287 1367 1391 1392 vestra
1422 1366 1525 1393 mater

321 1418 490 1451 consuevit
509 1417 636 1460 optimo
661 1415 797 1450 consilio
821 1416 940 1450 delatas
965 1416 1156 1450 hereditates
1180 1416 1348 1450 monachis
1366 1428 1522 1458 recusare,

320 1488 373 1517 ne,
397 1477 478 1510 sicut
497 1475 583 1509 idem
607 1475 818 1520 peritissimus
841 1483 953 1509 auctor
968 1475 1021 1515 ait,
1042 1474 1237 1509 confidentia
1255 1475 1326 1509 talis
1349 1475 1522 1510 oblationis

320 1535 448 1569 inflatus
471 1534 652 1568 monachus
671 1545 876 1579 nequaquam
891 1545 925 1567 se
944 1533 1184 1579 pauperioribus
1200 1533 1347 1568 fratribus
1366 1545 1524 1579 coequare

321 1593 525 1638 dignetur(³).
573 1592 697 1638 etquid
711 1594 816 1637 magis
836 1592 1002 1626 insidiatur
1020 1601 1240 1638 paupertatem
1259 1593 1410 1638 professis
1423 1603 1523 1638 quam

1011 1725 1032 1748 5.
1043 1718 1066 1740 in
1081 1718 1170 1748 pienti.
1183 1720 1266 1748 open]
1279 1718 1298 1741 A
1312 1709 1524 1748 impimtis'min

639 1758 673 1782 18.
688 1758 725 1781 Μ2
741 1759 771 1781 dix
786 1765 838 1781 nam
853 1763 875 1781 et
889 1759 1008 1788 aggi-‘nti
1020 1760 1046 1782 in
1061 1760 1179 1789 margine.
1235 1765 1270 1782 at.
1284 1759 1303 1782 A
1318 1759 1341 1782 in
1354 1759 1422 1782 flotus
1436 1760 1491 1788 (sic)

374 1725 396 1747 3.
416 1719 544 1747 parumper]
563 1718 581 1740 Α
600 1725 685 1747 pauper
702 1718 756 1746 (uic)
770 1722 784 1740 e
792 1718 836 1747 por·
847 1717 955 1748 relinquit

323 1758 395 1787 16-17.
411 1758 430 1781 R
445 1758 582 1787 profitetium

356 1864 398 1899 (1)
418 1863 440 1891 11
462 1874 476 1888 ε(
489 1863 594 1899 prelato
609 1874 633 1896 n,
645 1863 672 1890 di
689 1864 732 1891 cui
751 1864 798 1900 qui
816 1865 838 1891 si
858 1865 898 1891 di-

319 1915 417 1940 scorre,
437 1908 461 1939 e,
475 1915 555 1934 come
576 1906 614 1933 ho
634 1913 794 1939 accennzuo,
813 1906 833 1933 il
852 1907 899 1934 fio-

946 1866 986 1901 pri
999 1865 1080 1898 studi,
1088 1865 1172 1892 l’amb
1181 1865 1208 1892 di
1222 1865 1323 1900 figliale
1334 1865 1437 1899 affetm,
1445 1874 1524 1894 come

945 1918 979 1936 ne
998 1909 1032 1935 da
1054 1917 1138 1945 prova
1156 1909 1182 1936 la
1201 1908 1274 1935 bella
1299 1908 1404 1944 lettera,
1423 1908 1474 1936 che
1494 1909 1523 1936 in

318 1950 425 1977 rentino
448 1949 516 1977 frate
541 1949 644 1976 Matteo
669 1950 694 1976 di
720 1949 821 1982 Guido,
847 1950 898 1977 che

319 1993 364 2019 nel
399 2001 474 2028 1399,
502 1999 592 2019 morto
621 1991 751 2019 Silvestre
783 1991 899 2019 Gherar-

319 2035 405 2068 ducci,
424 2044 469 2062 era
488 2041 558 2062 stato
578 2035 622 2061 dai
641 2034 790 2062 confratelli
809 2035 899 2062 nomi-

318 2085 384 2105 nato
409 2078 496 2114 priore
521 2078 547 2105 di
576 2078 603 2105 S.
630 2077 713 2104 Maria
742 2078 815 2114 degli
842 2079 898 2105 An-

319 2121 382 2157 geli.
417 2121 522 2148 Matteo
532 2129 577 2148 era
587 2128 676 2148 nomo*
685 2120 774 2148 molto
787 2122 840 2157 pio,
848 2121 899 2148 che

318 2164 474 2200 professava
504 2173 614 2191 somma
641 2165 821 2191 veneratione
850 2173 899 2200 per

319 2213 396 2234 santa
419 2206 547 2234 Caterina
566 2207 599 2233 da
620 2206 709 2239 Siena,
729 2206 799 2233 della
818 2207 899 2243 quale

318 2251 340 2278 si
355 2250 443 2278 sforzb
457 2251 484 2277 di
497 2250 609 2277 rendere
619 2250 664 2286 piu
674 2250 732 2277 noti
746 2250 755 2276 i
767 2250 833 2277 detti
843 2250 876 2277 ed
889 2250 897 2276 i

318 2293 386 2327 fatti,
400 2294 543 2321 eccitando
560 2302 575 2320 a
590 2293 746 2321 descriverli
764 2293 783 2320 il
802 2302 897 2320 senese

319 2337 473 2364 Tommaso
493 2336 635 2364 caffarini:
650 2336 684 2364 cf.
697 2337 766 2364 Ana.
781 2335 896 2363 Camald.

318 2379 365 2412 VI,
386 2387 436 2413 214
456 2388 513 2415 sgg.
555 2379 710 2414 Ambrogio
730 2378 896 2411 ‘ri-aversari,

317 2422 367 2449 che
381 2422 466 2449 l’ebbe
478 2427 599 2449 costante
613 2427 771 2458 promotore
784 2421 826 2448 de’
837 2429 897 2456 pro-

944 1951 1088 1978 occasione
1106 1951 1178 1978 della
1199 1957 1287 1978 morte
1307 1951 1334 1977 di
1352 1951 1399 1984 lui,
1417 1952 1523 1987 seguiu

945 1994 1007 2020 addi
1026 1994 1054 2020 1⁰
1073 1994 1185 2030 maggio
1202 2001 1277 2027 1421,
1290 1994 1387 2021 scrisse
1400 2002 1416 2020 a
1429 1993 1523 2022 Eme..

946 2036 1071 2063 Barbam.
1109 2036 1152 2063 Cf.
1171 2036 1242 2063 Arm.
1263 2035 1378 2064 Camald.
1395 2035 1443 2069 VI,
1461 2036 1524 2069 284,

945 2078 977 2105 ed
1002 2079 1037 2106 A.
1057 2079 1253 2106 TnAvERsmm
1277 2087 1339 2114 gen.
1358 2078 1439 2106 Cam.
1460 2078 1524 2114 Epi-

943 2121 1019 2148 stolae
1038 2125 1061 2148 ct
1081 2122 1200 2154 oratiam,
1215 2121 1257 2148 ed.
1274 2120 1400 2154 cannen,
1414 2120 1460 2148 lib.
1475 2121 1524 2154 vl,

945 2172 986 2199 ep.
1005 2170 1064 2196 xxx,
1083 2163 1146 2190 coll.
1165 2163 1278 2199 ²98-99·

980 2206 1021 2240 (2)
1041 2200 1084 2232 Cf.
1101 2205 1204 2233 Ionan.
1220 2205 1356 2233 Cassum
1370 2205 1412 2232 Dc
1425 2205 1523 2232 coenob.

944 2249 1018 2274 instit.
1045 2247 1090 2275 lib.
1118 2247 1165 2281 IV,
1187 2247 1236 2274 De
1265 2247 1445 2274 institutis
1471 2254 1525 2274 re-

943 2291 1206 2324 nuntiantium,
1236 2299 1313 2326 capp.
1343 2298 1361 2316 v
1389 2299 1405 2317 e
1434 2297 1464 2317 Vt
1493 2290 1523 2317 in

945 2334 1030 2369 Opera
1050 2335 1146 2366 omnia,
1166 2334 1187 2366 1,
1209 2333 1323 2369 158—59.

979 2377 1021 2412 (3)
1042 2377 1145 2404 Ioum.
1170 2376 1252 2404 CAss.
1278 2385 1323 2412 op.
1357 2385 1372 2403 e
1398 2376 1451 2404 loc.
1477 2375 1520 2404 cit.

942 2428 1001 2456 cap.
1020 2428 1060 2453 ιν,
1079 2420 1130 2447 col.
1154 2427 1211 2454 ¹57-
1498 2419 1503 2427 ¹

1557 894 1596 920 1⁰

1555 1188 1594 1222 ¹5

1553 1480 1596 1504 20
