1708 2774
90 955 130 979 10

93 1246 129 1279 ¹5

90 1560 133 1585 20

92 1932 132 1966 25

426 289 475 318 DI
507 289 773 319 COLUCCIO
805 287 1080 317 SALUTATI.
1337 290 1356 324 9

155 427 224 450 non
246 416 343 450 etiam
361 416 456 461 spel,
476 424 508 450 te
526 424 634 450 totum
657 414 770 449 orbem
794 426 862 450 non
880 426 1063 460 peragrasse
1087 425 1119 450 et
1142 422 1273 449 cunctas
1295 423 1358 448 ter-

155 486 275 516 rarum,
289 486 369 519 quas
392 474 510 515 vidisti,
535 474 695 515 mulieres,
712 474 834 509 nedum
857 486 925 509 non
949 485 1056 516 nosse,
1072 474 1129 508 sed
1144 474 1270 519 penitus
1290 484 1358 508 non

155 532 284 575 vidisse,
303 542 339 567 ut
361 533 499 568 omnino
526 533 615 579 quod
645 532 723 567 dicis
750 545 817 567 non
841 533 944 579 possis
971 543 1026 568 aut
1049 533 1164 568 debeas
1187 531 1356 567 affirmare.

156 602 233 626 nam
256 591 344 637 quod
366 592 468 637 patria
489 600 545 626 tua
569 603 637 626 non
660 601 832 626 contentus
855 602 887 626 et
910 601 994 626 etate
1014 601 1123 626 nostra
1141 592 1239 626 etiam
1254 591 1358 636 ipsam

156 650 262 690 isam,
289 661 388 695 quam
411 661 510 691 amas,
541 650 706 691 omnibus,
728 662 791 695 que
815 662 959 695 unquam
990 651 1024 684 in
1047 649 1174 685 mundo
1197 650 1360 690 vixerunt,

157 709 337 753 anteponis,
353 719 447 743 erras.
494 708 631 749 dimitte,
642 719 765 754 precor,
773 709 920 754 antiquas
929 708 1087 750 heroidas,
1101 708 1273 750 Helenam,
1291 709 1359 743 Bri·

156 766 280 801 seidem
303 776 398 812 atque
412 766 618 811 Polyxenam
639 776 672 801 et
689 767 757 801 istis
775 767 858 801 hanc
877 776 966 802 tuam
986 766 1105 802 nedum
1126 778 1194 801 non
1211 765 1358 812 prefer-as,

157 824 215 859 sed
233 836 294 859 nec
305 824 454 870 adeques.
502 837 543 859 an
559 835 592 859 et
603 824 843 870 Sophonisbam
859 825 1164 871 Carthaginensem,
1174 837 1238 870 que
1253 825 1359 870 specie

157 892 190 917 et
204 882 417 928 pulcritudine
428 894 486 917 sua
500 883 684 928 Syphacem
698 882 836 928 perdidit
851 883 1099 917 Masinissamve
1120 884 1270 927 corrupit,
1284 883 1359 917 huic

157 949 223 983 tue,
252 953 350 986 quam
373 940 492 986 diligis,
516 951 710 986 postponere
740 953 808 976 non
832 941 1015 976 vereberis?
1059 941 1129 976 noli
1153 941 1192 976 de
1216 951 1271 976 tua
1299 941 1359 975 hac

157 998 239 1035 ferre
253 1000 457 1034 sententiam.
504 1008 629 1034 amator
645 1011 697 1034 es:
716 1008 882 1046 suspectus
905 1011 983 1045 ergo
1007 999 1104 1034 iudex
1128 1010 1162 1034 et
1183 1000 1285 1041 testis,
1309 1000 1360 1034 cui

157 1069 287 1104 prorsus
305 1057 389 1093 credi
413 1070 481 1093 non
499 1057 604 1093 debet.
649 1058 720 1093 sine
743 1069 804 1093 nos
827 1058 908 1093 alios
931 1058 971 1092 de
995 1058 1055 1093 hac
1078 1070 1112 1093 re
1135 1058 1257 1093 iudices
1273 1070 1359 1092 esse:

158 1128 224 1151 non
249 1127 422 1162 possumus
445 1115 543 1151 facie·
565 1127 761 1161 comparare,
779 1116 837 1151 sed
856 1129 896 1151 ex
913 1116 1078 1151 effectibus
1096 1116 1241 1151 validum
1260 1115 1360 1151 dedu·

159 1186 232 1210 cere
262 1186 436 1221 possumus
462 1184 702 1220 argumentum.
749 1175 875 1210 Helene
904 1174 1018 1210 faciem
1050 1175 1188 1220 legimus
1217 1174 1361 1220 plebeios

159 1232 280 1279 fugisse
301 1245 406 1275 senes,
425 1245 479 1275 ne,
497 1244 572 1268 cum
594 1234 699 1279 ipsam
722 1234 912 1279 aspicerent,
923 1243 1029 1279 preter
1051 1243 1136 1268 recte
1160 1234 1294 1268 rationis
1312 1245 1360 1268 re-

158 1291 271 1338 gulam
281 1301 500 1327 moverentur.
547 1291 619 1332 hec,
630 1291 843 1337 pulcritudine
857 1303 925 1334 sua,
942 1291 990 1326 bis
1004 1303 1093 1338 rapta
1109 1293 1177 1326 sive
1193 1291 1240 1326 bis
1255 1302 1361 1337 rapto-

159 1361 228 1385 rem
257 1359 376 1392 secuta,
403 1350 539 1395 quanvis
564 1349 717 1391 adultera,
743 1349 913 1395 splendore
938 1349 1004 1385 fere
1033 1351 1140 1384 virum
1170 1349 1306 1396 placavit
1315 1350 1360 1383 (Ι).

158 1408 276 1444 Bri-eis
299 1408 369 1443 lites
392 1408 543 1443 excitavit
564 1408 650 1443 inter
658 1410 947 1454 Agamemnonem
969 1418 1003 1443 et
1026 1409 1183 1450 Peliden,

372 1497 407 1526 Bt
425 1499 452 1526 ni
472 1504 546 1526 mata
564 1506 649 1526 manu
665 1498 754 1526 Pallas
771 1498 904 1526 tenuisset
922 1498 1072 1531 Achillem,

374 1547 495 1584 Turpem
514 1556 595 1576 cecus
614 1555 692 1575 amor
709 1546 813 1575 samam
832 1547 955 1584 liquisset
970 1548 998 1575 in
1017 1556 1099 1575 evum
1107 1547 1152 1575 (⁸).

160 1636 327 1681 Polyxena
345 1637 475 1676 hostem
490 1638 684 1672 acerrimum
706 1636 789 1672 adeo
812 1636 903 1672 flexit
922 1636 1052 1678 Pacida,
1070 1637 1160 1682 quod
1183 1637 1251 1672 eius
1267 1637 1365 1672 inter·

160 1704 271 1741 ceptus
289 1706 400 1731 amore
422 1695 574 1731 occubuit
597 1694 719 1730 Paridis

665 1778 826 1807 transientem
845 1778 958 1806 vnlnere
976 1778 1082 1815 plantas
1096 1778 1140 1806 (3).

162 1862 367 1910 Sophonisba
388 1874 486 1899 suum
503 1862 644 1898 dimovit
661 1874 680 1898 a
694 1873 829 1898 romana
843 1863 997 1898 societate
1013 1863 1197 1909 Syphacem
1213 1872 1246 1897 et
1261 1864 1366 1898 victo-

161 1933 231 1958 rem
242 1921 372 1959 hostem
389 1922 496 1968 primo
515 1933 691 1968 congressu
710 1921 815 1956 taliter
833 1922 921 1963 vicit,
940 1921 1030 1968 quod
1048 1921 1150 1957 ferme
1168 1921 1280 1967 Scipio
1295 1933 1366 1967 per-

163 1979 243 2015 didit
260 1980 522 2016 Masinimmw.
569 1980 627 2015 hec
643 1989 753 2015 autem
768 1990 823 2015 tua
840 1979 898 2015 tibi
915 1991 1000 2026 pene
1021 1980 1141 2015 coniux
1159 1989 1193 2015 et
1215 1980 1365 2015 manibus

163 2047 271 2085 erepta
292 2038 369 2082 tuis,
387 2038 426 2073 ab
449 2039 559 2074 uxoris
582 2037 697 2074 affecm
716 2037 773 2073 tibi
788 2039 910 2073 amasia
927 2037 1011 2073 facta
1029 2048 1079 2074 est
1091 2048 1126 2073 et
1143 2039 1366 2085 Peregrinum,

230 2153 487 2184 monam-,am
554 2153 828 2183 &coasopuonfflm
896 2153 1172 2183 *cummu-

200 2261 244 2298 (ι)
257 2261 322 2289 Non
333 2269 366 2289 ao
375 2261 465 2289 donde
474 2267 568 2298 uagga
580 2261 599 2289 il
610 2261 639 2290 S.
648 2267 744 2298 queste
789 2260 894 2289 dievale
912 2270 929 2289 a
947 2269 993 2289 me
1011 2261 1193 2289 seonoeciuto.

166 2304 217 2332 dne
233 2304 349 2338 notitia
373 2312 419 2332 ma
437 2304 511 2332 l'nna
530 2305 546 2332 ἐ
564 2303 635 2332 sorae
654 2313 692 2332 un
709 2305 745 2332 τί·
824 2304 869 2339 (a)
886 2303 994 2331 Inue.
1022 2303 1084 2331 nias
1102 2303 1147 2331 lae.
1165 2311 1209 2330 vv.
1225 2309 1323 2338 77-79,
1340 2301 1369 2329 in

165 2346 248 2375 flesso
265 2346 381 2375 alterato
401 2346 473 2375 delle
493 2347 585 2384 parole
597 2347 744 2382 d'Ouaao,
790 2346 857 2375 Pus.
876 2347 919 2374 lat.
938 2347 1010 2380 min..
1028 2346 1070 2374 ed.
1089 2345 1237 2378 Baehrens.
1251 2344 1300 2379 111,
1321 2352 1369 2377 η’,

165 2390 198 2419 11.
210 2389 258 2423 m,
273 2388 324 2424 ι46
335 2397 409 2427 ⁸⁸8⁴
420 2389 508 2418 l'altra
521 2391 537 2418 e
549 2396 698 2419 aeeennata
710 2390 746 2418 da
790 2389 810 2417 il
827 2394 900 2417 tento
917 2388 963 2416 nel
985 2389 1011 2416 ι·
1029 2396 1109 2416 verso
1124 2387 1233 2421 «Quod
1251 2387 1340 2415 αἰεί».

166 2433 362 2466 Amorum,
377 2432 525 2469 Lysiurau,
539 2441 565 2460 v.
585 2440 643 2468 155,
656 2431 746 2460 dende
826 2431 870 2468 (3)
890 2432 920 2459 Ρ.
935 2431 967 2459 Ρ.
982 2431 1086 2459 Sum
1105 2430 1179 2459 Theb.
1197 2429 1220 2464 1,
1232 2429 1276 2458 61.
1340 2431 1351 2434 ·

166 2476 223 2511 pub
235 2474 462 2512 mapa-auin
476 2474 595 2512 qualche
606 2480 679 2503 testo
691 2482 747 2502 me-
827 2474 869 2508 (4)
886 2472 951 2502 Trr.
968 2473 1031 2502 Lw.
1047 2472 1114 2501 Hesi.
1129 2471 1217 2506 XXX,
1232 2479 1283 2500 ιιι.

275 2544 386 2569 ουσιαι·
399 2544 514 2574 unua,
528 2545 573 2568 m.
1258 2534 1286 2563 ι·

1412 418 1446 439 Ha
1469 419 1496 439 ne
1515 418 1557 446 egli
1571 418 1598 439 lu

1384 445 1598 467 veduoenmeledou-

1385 479 1412 493 ne
1426 473 1511 498 viventi,

1386 711 1602 767 :tmpaed‘ffinsses

1386 771 1545 792 mumanae-te,

1389 1009 1465 1031 daath&
1471 1015 1526 1030 ama.
1543 1008 1603 1029 Laad

1389 1035 1560 1092 ffit'fffl
1574 1035 1602 1063 ‘¹‘

1389 1179 1480 1227 l'olg'lg:
1493 1179 1603 1230 magt

1390 1407 1604 1436 mac-m-

1392 1651 1499 1672 aon-au
1516 1651 1604 1677 nunu.

1393 1872 1505 1894 Serenus·
1514 1872 1542 1894 Β·
1550 1879 1606 1901 aper·

1469 1906 1481 1921 e
1503 1899 1571 1922 815·oe
1594 1906 1606 1921 e

1420 1994 1472 2016 Coa!
1496 1993 1608 2015 mom-a
