1682 2762
86 401 147 448 {qvi-si
161 400 190 428 gli
207 400 243 420 uni
257 399 297 445 ngdll

87 433 223 478 drg'ugmlam,
229 433 297 473 ἕξω-(ἒ

88 482 95 502 i
113 481 166 508 qunli
187 486 226 500 con
248 486 297 506 gran

85 508 153 540 dunno
163 506 196 527 de'
202 506 249 527 beni
259 511 298 526 ter-

86 541 130 555 rem

87 632 298 692 f·¹.’}‚‘3.‚‚:¹f²s‘r..2f::

87 695 115 709 no
128 693 247 708 “080¹Bss'0.

117 749 150 770 Ma
173 755 195 769 :e
218 754 245 768 un
269 748 299 767 dei

91 777 128 796 due
137 776 183 803 papi
193 776 204 795 ὲ
212 775 298 798 intruso,

90 874 149 889 come
178 869 205 887 uo
219 866 300 887 ordlnnr

90 896 111 915 in
125 901 159 914 mo
173 900 186 914 ο
198 894 216 914 le
233 894 301 913 inimo

90 922 97 942 i
111 921 193 942 vescovi
206 927 218 940 e
247 920 254 940 i
270 926 301 939 n·

91 948 175 972 cerdon.

90 990 101 1004 ε
115 983 180 1011 questi
196 982 227 1002 dni
241 987 302 1002 canto

90 1011 137 1030 loro
154 1009 302 1029 amministrare

91 1037 260 1064 legium-meme
296 1035 302 1055 i

92 1062 231 1084 sacr-menti?

122 1314 195 1336 Sil-,che
214 1316 226 1335 ὲ
244 1314 307 1334 lecito

96 1342 137 1362 dire
165 1342 209 1366 che,
238 1346 307 1361 merto

97 1368 199 1395 Gregorio
214 1368 253 1392 XI,
266 1374 309 1388 non

96 1396 114 1416 si
124 1396 196 1415 ordino
204 1395 239 1422 pin
246 1394 309 1421 legal-

98 1427 166 1442 mente
190 1428 253 1442 verun
279 1428 309 1441 ιι-

98 1449 182 1469 cerdone

99 1503 125 1522 ιιὲ
138 1502 156 1522 εἰ
174 1501 311 1533 ammiano-3

99 1534 154 1549 rouo
190 1533 311 1548 sacramenti

101 1555 122 1575 d'
131 1554 217 1575 efficaci·
231 1554 310 1576 fomiti.

96 1856 102 1859 .
130 1840 161 1860 Or
180 1839 217 1860 che
235 1840 255 1860 vi
275 1840 316 1867 pub

104 1873 172 1887 essere
190 1867 210 1886 di
231 1867 265 1893 piu
281 1866 316 1887 ab·

103 1892 250 1914 bominevole?

327 273 392 296 210
746 264 1090 292 EPISTOLARIO

325 403 359 427 ut
379 393 400 426 S
410 401 476 434 aty
486 391 518 424 ri
528 401 544 423 c
553 401 594 424 us
613 388 710 430 aito),
721 397 753 422 et
768 387 855 432 quod
868 399 937 421 esse
949 398 1043 431 super
1055 387 1164 420 omnia
1176 386 1312 430 pericula
1323 394 1445 419 certum
1461 393 1519 424 est,

324 459 397 494 post
422 449 502 483 duos
526 448 685 486 homines,
709 445 822 490 quibus
846 446 872 478 si
895 445 1024 478 tollatur
1047 444 1241 489 dignitatum
1270 443 1388 487 fulgor,
1410 442 1518 475 nescio

324 507 433 552 quales
456 506 631 539 remansuri
650 505 724 544 sint,
743 503 918 537 dividimur
936 512 967 537 et
987 502 1197 543 ambulamus,
1222 512 1288 535 non
1312 501 1417 534 solum
1445 511 1519 533 cum

325 566 444 598 iactura
478 574 584 597 rerum
618 561 856 606 temporalium,
879 572 976 605 quam
1009 559 1235 593 lacrimabilem
1268 567 1300 592 et
1330 558 1466 592 avaricia
1489 566 1521 590 et

327 623 425 656 nimia
448 621 630 655 divitiarum
655 619 821 653 admiratio
844 618 930 660 facit,
948 618 1005 651 sed
1026 618 1060 651 in
1080 629 1186 651 rerum
1210 616 1418 661 spiritualium
1443 626 1521 649 con-

325 680 500 719 fusionem,
525 679 564 712 de
595 677 721 723 quibus,
755 677 909 721 corruptis
939 675 1083 710 moribus
1111 684 1142 709 et
1169 675 1308 708 nimium
1338 682 1522 718 tepescente

326 737 449 771 fervore
466 736 553 777 fidei,
567 736 688 770 nimius
704 744 736 768 et
752 734 975 768 abominabilis
991 733 1156 778 neglectus
1172 742 1230 766 est.
1276 743 1353 766 nam
1369 733 1396 766 si
1407 742 1523 776 papam

326 795 378 829 vel
401 795 477 828 hinc
501 794 552 828 vel
575 793 649 827 inde
672 793 856 837 legitimum
879 803 947 826 non
971 791 1137 832 habemus,
1157 790 1245 835 quod
1268 789 1411 834 profecto
1434 788 1523 822 fateri

327 853 543 887 necessarium
564 861 623 892 est,
642 852 712 895 quis
732 851 834 884 nescit
854 862 893 883 ex
913 850 1030 883 vitiosa
1047 858 1135 893 parte
1155 859 1248 882 veros
1267 848 1435 892 episcopos
1455 858 1524 880 esse

328 923 396 945 non
420 921 514 955 posse
538 919 570 943 et
593 921 648 953 per
671 919 872 953 consequens
895 919 990 942 veros
1014 905 1149 941 deficere
1179 906 1359 940 sacerdotes
1388 916 1525 950 veraque

330 980 398 1002 non
422 968 585 1001 habituros
609 976 683 1012 post
706 966 824 1010 aliquid
848 966 1002 1010 temporis
1032 974 1230 998 sacramenta
1252 975 1334 1008 quos
1357 963 1527 1007 contigerit

330 1036 454 1071 partem
477 1026 629 1060 vitiosam
649 1036 718 1058 esse
738 1023 894 1058 secutos?
939 1023 1013 1057 licet
1032 1023 1118 1056 enim
1140 1021 1289 1056 clericalis
1310 1021 1467 1054 character
1481 1021 1527 1054 sic

331 1084 432 1118 semel
454 1092 603 1124 transeat,
627 1082 715 1127 quod
734 1082 831 1116 etiam
849 1093 906 1126 per
923 1081 1203 1126 supervenientem
1223 1080 1362 1114 heresim
1382 1090 1449 1113 non
1467 1078 1528 1112 tol·

331 1144 429 1183 latur;
453 1142 541 1186 quod
572 1141 654 1175 adeo
686 1151 800 1174 verum
833 1149 889 1181 est,
917 1139 1004 1184 quod
1034 1148 1158 1173 certum
1181 1139 1222 1172 sit
1245 1139 1401 1172 hereticos
1432 1137 1528 1171 etiam

332 1201 458 1246 publice
475 1199 710 1233 condemnatos
722 1210 797 1232 vera
809 1197 967 1232 conficere
979 1206 1178 1232 sacramenta
1186 1197 1238 1238 (²);
1263 1207 1325 1241 que
1349 1204 1459 1229 tamen
1481 1196 1531 1229 iu·

333 1258 560 1293 risdictionalia
573 1267 648 1291 sunt
660 1266 788 1301 propter
803 1256 943 1290 heresim
956 1265 1091 1300 pereunt
1106 1255 1177 1300 ipso
1193 1255 1271 1288 iure.
1314 1264 1349 1288 ut
1362 1253 1444 1287 forte
1457 1264 1531 1298 pro-

335 1317 438 1351 babile
461 1317 502 1350 sit
525 1315 681 1350 affirmare
706 1314 895 1359 credereque
926 1314 1014 1359 quod
1037 1323 1109 1358 post
1133 1322 1273 1347 mortem
1301 1312 1401 1346 felicis
1427 1323 1534 1346 recor-

337 1375 474 1409 dationis
499 1374 647 1418 Gregorii
675 1372 839 1407 undecimi
869 1372 976 1406 nullus
999 1383 1039 1405 ex
1062 1380 1149 1416 parte
1177 1369 1339 1415 pontificis
1362 1370 1455 1404 electi
1478 1381 1534 1414 per

338 1433 451 1466 vitium
484 1441 595 1465 nactus
619 1431 658 1464 sit
682 1429 849 1464 sacerdotii
878 1429 1068 1474 dignitatem
1092 1440 1152 1461 nec
1176 1439 1231 1472 per
1252 1427 1323 1461 illos
1354 1426 1534 1460 sacerdotes

337 1490 445 1524 haberi
465 1490 589 1534 possint
607 1489 750 1533 legitime
770 1496 977 1527 sacramenta,
997 1496 1107 1531 utpote
1126 1485 1295 1520 deficiente
1315 1484 1534 1518 iurisdictione

338 1547 512 1582 sacerdotia
536 1546 732 1581 conferendi.
778 1546 822 1579 illi
847 1557 925 1590 ergo
944 1545 999 1590 qui
1017 1544 1134 1578 fuerint
1157 1543 1343 1578 obedientes
1366 1554 1433 1576 non
1456 1553 1534 1576 vero

338 1605 496 1650 pontifici,
518 1604 654 1649 quanvis
680 1603 864 1648 simpliciter
887 1612 918 1636 et
940 1602 1138 1636 conscientia
1169 1612 1237 1635 non
1271 1610 1429 1645 corrupta,
1451 1600 1477 1633 si
1501 1600 1534 1634 in

340 1663 479 1707 aliquem
494 1662 664 1696 inciderint
680 1661 862 1695 ordinatum
877 1660 917 1694 ab
929 1660 1086 1705 episcopis
1100 1660 1203 1700 novis,
1216 1658 1385 1693 adorantes
1396 1658 1535 1692 hostiam

341 1731 373 1755 et
396 1721 539 1762 calicem,
562 1732 630 1754 non
662 1720 780 1754 Christi
810 1730 924 1764 corpus
947 1728 978 1752 et
1001 1718 1205 1763 sanguinem,
1228 1717 1284 1751 sed
1308 1717 1394 1751 illam
1422 1727 1536 1761 puram

341 1779 430 1824 panis
445 1780 613 1812 materiam
626 1787 720 1822 atque
731 1778 800 1812 vini
816 1789 890 1811 cum
905 1789 986 1821 aqua
998 1777 1101 1817 mixti,
1112 1776 1211 1810 veluti
1224 1774 1390 1820 quoddam
1400 1774 1536 1815 idolum,

342 1836 529 1870 adorabunt.
576 1845 608 1869 et
626 1835 703 1880 quid
722 1845 828 1880 potest
846 1835 1026 1869 sceleratius
1046 1834 1108 1867 hoc
1126 1834 1275 1867 scismate
1297 1832 1415 1878 quidve
1433 1832 1536 1875 magis

343 1894 555 1929 abominabile
564 1894 696 1938 cogitari
705 1894 718 1927 ?
763 1893 839 1938 quid
845 1894 917 1927 Deo
926 1892 1142 1937 displicibilius
1150 1902 1218 1925 esse
1227 1891 1353 1936 potest?
1397 1889 1537 1935 quidque

343 1952 446 1997 magis
459 1947 655 1986 con‘trarium
666 1951 770 1992 saluti,
783 1962 880 1996 quam
892 1960 1002 1995 optare
1018 1949 1172 1983 debemus
1187 1959 1348 1993 quamque
1370 1959 1437 1981 non
1456 1946 1537 1980 velle

398 2078 419 2093 2.
435 2071 466 2094 R4
477 2071 495 2094 C
506 2072 559 2093 Μ-Ι)
572 2071 609 2100 qui
616 2078 625 2098 ;
639 2071 669 2093 Ri
682 2072 704 2093 lo
717 2073 810 2095 omette.
876 2078 898 2100 3.
913 2072 945 2094 Ru*
956 2071 1078 2093 dividimus
1144 2070 1165 2092 8.
1180 2069 1211 2091 Ri
1222 2068 1287 2090 heinc
1353 2074 1386 2091 η.
1400 2067 1430 2090 L¹
1446 2067 1539 2090 vitiosas

348 2119 371 2140 ¹⁴
379 2129 385 2135 .
393 2112 468 2140 etiam]
478 2112 508 2134 Rr'
514 2112 558 2134 iam
611 2112 686 2141 16-17.
696 2112 748 2134 Μ-Ι)
755 2114 839 2134 ome-ue
850 2111 909 2134 forte
916 2124 926 2129 -
933 2111 993 2141 quod
1051 2118 1087 2140 ¹7-
1094 2109 1124 2133 L¹
1133 2113 1216 2132 omem
1224 2110 1285 2139 quod
1338 2116 1373 2139 ¹9·
1381 2109 1436 2131 Μ-ὶ)
1444 2112 1539 2130 nunnus

345 2158 382 2173 20.
398 2151 429 2173 R4
444 2151 539 2180 legime,
555 2151 676 2180 aggiunto
690 2158 762 2180 sopra
775 2151 792 2173 ti
821 2150 983 2179 M-Dlegitimn
1037 2157 1074 2180 ²3·
1085 2149 1114 2172 L¹
1125 2149 1210 2178 aliquid
1248 2149 1279 2171 Ru·
1286 2148 1413 2170 invaderint
1462 2153 1499 2176 ²5-
1510 2147 1542 2170 R!

345 2191 415 2213 mixta
470 2193 503 2214 26.
519 2191 573 2213 M-D
586 2194 671 2214 omene
684 2191 727 2213 hoc
743 2190 818 2213 scism.
874 2197 911 2219 ²7·
926 2189 956 2212 L¹
972 2193 1059 2212 omem
1073 2196 1116 2219 que
1130 2190 1190 2218 dopo
1204 2188 1258 2218 quid
1312 2188 1367 2210 28-1
1385 2189 1417 2216 (p.
1428 2188 1499 2214 211).
1510 2186 1541 2209 Rt‘

345 2235 439 2260 stampa
454 2238 522 2260 quam
536 2232 598 2261 quod
612 2238 658 2254 non
672 2232 728 2254 velle
743 2236 837 2254 nostrat.
852 2231 918 2254 salut.
933 2230 1041 2257 κτύπων..-
1055 2230 1184 2253 omenendo
1198 2235 1243 2251 non
1258 2235 1318 2258 poss.

383 2334 425 2369 (ι)
445 2334 554 2362 Hom-r.
573 2335 622 2371 Ep.
641 2335 661 2368 I,
681 2343 710 2368 11,
731 2343 772 2371 29.
968 2335 1067 2371 riporta
1075 2343 1113 2361 un
1121 2334 1207 2360 brano
1217 2333 1243 2360 di
1253 2331 1367 2369 epistola
1375 2330 1504 2358 diNicola
1515 2330 1540 2357 11

383 2375 424 2411 (2)
445 2375 487 2403 Cf.
516 2377 616 2405 Decret.
644 2386 699 2413 par.
718 2377 754 2410 11,
773 2385 853 2404 causa
873 2384 923 2409 xv,
966 2374 1268 2411 aiBulgari;ev.anche
1277 2372 1542 2405 F.Tocco‚L'ercsia

347 2425 448 2453 quaest.
462 2427 524 2452 vm,
539 2427 597 2454 cap.
610 2427 639 2452 V,
649 2428 675 2455 p.
689 2427 742 2453 400
754 2428 803 2455 sg„
815 2419 886 2447 dove
899 2419 922 2446 si
967 2419 1006 2446 nel
1023 2418 1102 2446 madio
1116 2426 1170 2450 evo,
1182 2417 1302 2449 Firenze,
1316 2415 1390 2448 1884,
1401 2423 1426 2450 p.
1439 2422 1490 2449 25²
1500 2422 1539 2450 ες.

1555 909 1594 933 10

1561 1199 1597 1232 15

1561 1490 1603 1514 20

1563 1781 1603 1814 25
