1682 2762
413 247 462 275 DI
492 247 759 278 COLUCCIO
791 251 1062 279 SALUTATI.

1269 247 1329 289 641

130 369 241 406 stau-ee
262 371 297 405 in
321 371 466 413 Christo,
491 373 672 408 sacerdotio
693 383 781 419 pater
804 375 969 421 graduque
988 388 1087 422 prope
1110 378 1332 422 magisterium

131 429 245 471 maior,
268 429 375 474 ipsum
396 429 587 476 benignitati
606 442 721 473 vestre,
746 445 842 477 quam
863 433 1067 469 affectuosius
1087 435 1190 477 valeo,
1206 447 1334 470 recom-

133 487 265 523 mendo.
311 500 441 523 summe
464 490 597 535 quidem
620 492 718 525 michi
743 501 871 537 gratum
891 494 960 534 erit,
979 494 1067 539 quod
1088 495 1243 530 virtutum
1260 507 1335 530 sua·

188 573 210 591 a.
225 567 322 591 mnne

131 636 268 676 gerarde
276 637 376 667 sinodo
393 638 459 666 dell·
468 638 573 667 Ordine
591 639 619 666 in
637 639 713 666 Man-

132 686 208 714 ton,
225 680 335 708 maest?
343 681 466 708 Antonio
479 681 501 708 si
517 690 581 718 pose
599 682 627 709 in
643 682 712 718 ving-

132 723 180 760 gio
198 722 252 751 alin
269 722 344 751 volta
362 723 389 750 di
408 723 529 760 Spagna.
566 724 714 760 Compiuta

133 772 188 793 non
207 765 330 802 suppiam
342 771 442 802 troppo
456 774 510 793 con
525 765 589 802 qual
601 766 672 793 esito
687 766 713 793 la

133 814 183 835 sna
201 806 341 840 missione,
356 807 381 834 ei
396 809 478 835 torno
494 807 521 834 in
536 807 623 842 Italia,
642 808 713 835 dove

133 849 188 877 due
206 849 270 878 anni
288 857 419 886 appresso
439 858 550 878 cessnva
569 851 595 878 di
614 851 714 878 vivere.

134 890 205 920 ved.
222 893 294 920 Aac.
319 891 451 927 Gonnus,
478 893 620 920 Annalium
646 894 716 920 sacri

134 933 189 963 ord.
202 934 284 971 fratr.
310 935 412 963 San-or.
431 936 459 963 Β.
481 936 582 964 Marias
612 936 681 972 Virg.
699 945 715 963 a

133 985 194 1006 uns
210 978 363 1006 imfimo-
381 978 484 1006 exordr'o
503 980 630 1006 ceanturn'ae
653 988 715 1015 qua-

135 1022 203 1054 tuor,
218 1020 262 1049 ed.
275 1020 395 1048 secunda
411 1029 475 1049 cum
494 1021 567 1049 notis
580 1023 629 1049 διε.
644 1021 715 1049 fratr.

134 1062 172 1092 A.
189 1063 228 1092 l(-
252 1062 357 1092 Cum
384 1064 418 1091 de
445 1064 590 1098 Florentia,
616 1064 717 1098 Lucae,

136 1113 276 1139 mccxxx,
294 1105 341 1134 lib.
360 1105 408 1139 1v,
427 1105 489 1134 coll⁴
512 1115 562 1142 359
578 1115 645 1143 sgg„
667 1106 714 1143 365

135 1156 206 1186 ιει.
226 1147 276 1185 3⁶7
295 1157 365 1185 ⁸88„
382 1157 432 1185 372
451 1158 502 1186 ss„
520 1158 569 1185 377
586 1158 646 1186 sss-

172 1191 199 1220 A
217 1191 307 1220 coetui
323 1191 433 1228 dunque
452 1194 468 1220 e
487 1199 558 1220 stata
575 1192 621 1220 dal
634 1193 663 1220 S.
677 1193 718 1220 di-

136 1239 205 1262 retu
214 1233 353 1271 l'epistola
366 1240 501 1271 presente,
511 1235 564 1262 alla
578 1235 659 1272 quale
677 1235 716 1262 sia

137 1283 186 1312 per
197 1274 311 1312 illuogo
325 1275 376 1304 elie
388 1284 494 1313 occupa
505 1276 532 1304 in
542 1276 576 1304 1²¹
587 1286 602 1304 e
612 1276 658 1311 R',
677 1277 717 1305 sia

137 1325 184 1355 per
202 1317 230 1346 Ιι
253 1318 397 1346 musione
421 1318 472 1347 che
494 1319 522 1346 di
541 1318 608 1346 fmte
627 1320 718 1347 Pietro

137 1360 172 1389 ὼ
189 1360 301 1389 Firenze
319 1362 343 1390 si
361 1362 473 1390 rinnova
494 1362 559 1390 nell’
570 1371 613 1399 ep.
629 1371 660 1390 m
675 1362 719 1390 del

138 1402 184 1431 ub.
208 1402 285 1437 xw,
301 1410 437 1439 spettnnte
462 1412 543 1432 senza
567 1404 668 1432 dubbio
692 1405 717 1432 al

141 1452 218 1479 ¹⁴⁰⁴.
226 1445 274 1474 noi
283 1446 461 1482 assegninmo
470 1446 497 1473 la
507 1446 569 1474 data
579 1446 623 1474 del
643 1454 718 1482 ¹⁴03·

138 1486 171 1516 In
189 1494 291 1525 qmmo
310 1489 358 1525 poi
376 1497 392 1516 a
410 1488 450 1516 fri
464 1489 565 1523 Pietro,
578 1489 630 1516 che
643 1489 662 1516 il
677 1490 720 1517 Ri-

138 1539 234 1566 mcei,
253 1540 298 1569 op.
318 1533 361 1560 eit.
389 1540 415 1569 p.
437 1541 496 1567 170,
514 1533 550 1560 ha
572 1539 720 1561 mmmm

94 1588 103 1596 ·
137 1573 227 1602 dieu-o
245 1583 283 1603 nn
301 1582 377 1603 error
391 1575 419 1603 di
432 1575 512 1612 copia
527 1575 555 1603 di
574 1575 720 1603 florentino

138 1617 167 1644 in
185 1624 290 1650 senae,
304 1617 352 1645 noi
365 1617 504 1645 crediamo
520 1617 546 1645 di
556 1617 660 1653 coglier
675 1618 719 1645 nel

137 1666 226 1696 semo
237 1660 417 1696 proponendo
435 1660 462 1688 d'
472 1660 650 1688 identificarlo
667 1669 719 1688 eon

138 1701 204 1739 quel
220 1701 262 1730 fri
280 1702 372 1730 Pietro
392 1702 515 1731 silvestri
538 1703 573 1730 da
600 1703 720 1737 Firenoe,

139 1743 160 1773 11
171 1744 261 1782 quale,
276 1753 359 1774 come
374 1745 399 1773 ci
415 1751 562 1774 accensae
578 1745 617 1783 gli
631 1747 720 1774 autori

139 1786 213 1823 degli
230 1787 322 1816 mali
336 1787 381 1816 del
393 1796 445 1816 sno
461 1788 576 1822 Ordine,
591 1788 677 1816 lascio
692 1789 720 1816 in

139 1835 238 1866 questo
254 1829 326 1858 beu·
343 1829 418 1858 nm
435 1830 463 1858 di
477 1832 516 1859 se.
554 1830 604 1858 Fra
619 1830 721 1864 Pietro,

140 1872 213 1901 neu·
231 1872 333 1910 quiin
351 1873 608 1902 suadibncceuiere
623 1874 652 1902 in
667 1881 722 1902 teo·

139 1913 224 1951 Ιορ,
247 1923 294 1943 ern
310 1921 382 1943 suto
404 1915 557 1952 designato,
581 1915 627 1944 dal
649 1916 722 1953 capi-

139 1956 199 1985 tolo
211 1956 388 1986 demotus-ie
405 1958 552 1986 raccoltosi
572 1966 587 1986 a
603 1958 721 1987 Treviso

141 1998 187 2028 nel
205 2006 282 2037 ¹399,
295 1999 331 2028 sd
349 2000 493 2037 insegnare
509 2000 599 2038 quella
613 2001 720 2029 seienza

141 2041 188 2070 nei
201 2049 339 2071 convento
353 2042 607 2077 dell'Annnnzistn3
623 2044 722 2077 Guur,

141 2083 374 2122 op.eit.eol.36a.
404 2085 455 2113 Pin
464 2085 721 2119 tardi,eresciutoin

141 2125 216 2155 hm
234 2135 285 2164 per
301 2126 327 2154 la
346 2127 462 2155 dotti-ina
490 2137 547 2156 non
567 2137 651 2156 meno
670 2129 722 2156 che

141 2176 191 2206 per
209 2168 236 2197 le
253 2169 354 2197 sentiri
370 2169 415 2198 dei
434 2171 561 2204 costumi,
585 2170 614 2198 fn
638 2171 722 2199 eletto

141 2210 170 2238 in
189 2211 278 2248 priore
295 2211 341 2239 del
355 2219 493 2240 convento
508 2218 595 2240 stesso
612 2221 628 2240 e
641 2221 722 2240 come

141 2251 198 2281 uk
214 2256 357 2291 propugno
381 2262 434 2282 con
454 2255 557 2290 mode
575 2254 670 2282 ardore
697 2254 723 2282 ln

141 2296 342 2324 menzione
359 2296 403 2325 del
428 2297 545 2325 cenobio
571 2297 599 2324 di
626 2297 722 2324 Monte

143 2338 268 2373 Sennrio,
285 2338 356 2367 mua
374 2339 437 2367 dell·
445 2339 559 2374 Ordine,
584 2339 630 2368 nel
654 2341 723 2376 eapi-

142 2378 212 2414 nolo,
225 2380 278 2408 elie
289 2381 312 2408 si
327 2386 410 2408 tenne
421 2381 449 2408 in
462 2381 572 2409 Ferrum
585 2381 604 2408 il
624 2389 634 2408 r
647 2390 722 2416 mag—

143 2421 248 2458 gindei
268 2429 344 2456 ι4ο4.
380 2422 463 2459 Dopo
477 2422 595 2450 d'allors
613 2423 652 2459 gli
671 2424 723 2451 An-

249 2493 362 2518 abaco
376 2493 493 2523 &ht-u,
508 2494 553 2518 111.

757 641 812 680 ‚gali
829 650 884 668 non
903 642 1017 678 pariano
1033 644 1079 679 piu
1097 643 1124 671 di
1142 643 1180 671 lui
1201 653 1249 680 per
1267 653 1335 680 gran

758 689 853 720 tempo
872 693 887 711 e
906 685 964 712 solo
987 685 1030 712 nel
1062 693 1125 719 1421
1157 692 1274 714 toccano
1293 687 1337 714 del

758 734 808 753 suo
826 728 928 754 ritomo
947 729 974 754 in
994 727 1070 755 Italia
1090 729 1162 765 cogli
1189 729 1338 756 ambascia-

758 769 809 796 tori
842 769 1075 806 dell’imperatore
1104 771 1132 798 di
1164 771 1339 799 Costantino-

758 811 821 847 poli,
841 811 903 839 dov'
914 812 968 848 egli
986 813 1055 840 erasi
1070 820 1161 840 recato
1180 822 1227 850 per
1247 822 1338 849 passar

759 854 852 890 quindi
870 855 899 882 in
919 854 1093 888 Terrasanta,
1107 856 1158 883 che
1172 864 1257 883 aveva
1271 856 1338 883 fatto

759 901 824 923 voto
833 897 859 923 di
869 897 987 924 visitare.
1023 897 1115 924 Prirna
1126 897 1198 924 della
1212 903 1339 934 parteuza

760 947 818 972 sua,
832 939 883 966 che
902 948 959 966 non
983 940 1124 975 sappiamo
1138 941 1250 976 quando
1265 940 1339 968 fosse

760 981 956 1016 precisamente
964 988 1107 1015 avvenuta,
1118 982 1136 1009 il
1147 983 1276 1019 generale
1287 982 1341 1010 del·

761 1021 899 1055 romine,
922 1023 960 1050 fra
986 1023 1110 1056 Stefano,
1133 1023 1258 1058 l'aveva,
1277 1033 1342 1051 con-

762 1066 893 1093 sentienti
912 1066 931 1093 il
946 1066 1080 1102 pontefice
1099 1067 1131 1094 ed
1147 1067 1156 1093 i
1177 1066 1340 1100 confratelli,

763 1115 854 1143 creato
868 1108 996 1144 generale
1015 1109 1118 1136 vicario
1134 1117 1149 1136 e
1162 1109 1262 1136 nunzio
1277 1117 1342 1144 apo-

762 1151 860 1179 stolico
867 1150 1037 1178 dell·0rdine
1044 1157 1130 1178 stesso
1141 1159 1189 1186 per
1197 1150 1341 1185 l'Oriente,

761 1193 888 1229 dandogli
920 1193 1065 1220 l'incarico
1090 1193 1116 1220 di
1144 1193 1313 1221 risollevarvi
1333 1193 1342 1220 i

763 1236 867 1264 cenobii
882 1235 925 1262 de'
936 1235 1023 1268 Servi,
1041 1235 1174 1263 riunendo
1195 1236 1203 1262 i
1223 1235 1341 1268 monaci,

763 1279 814 1306 che
832 1278 938 1306 fossero
953 1279 1083 1314 scampati
1099 1278 1152 1305 alla
1167 1284 1257 1314 strage
1270 1278 1343 1305 ordi-

762 1327 825 1349 nata
835 1321 868 1348 da
880 1321 995 1348 Amurat
1006 1320 1025 1347 1.
1059 1321 1101 1347 Da
1111 1327 1207 1356 questo
1213 1319 1280 1347 fatto
1286 1327 1342 1348 trae

763 1363 921 1392 l'annalista
949 1363 1096 1391 occasione
1123 1372 1172 1399 per
1198 1369 1297 1390 tessere
1314 1363 1341 1390 in

763 1406 861 1435 siffatu
881 1407 956 1442 guisa
976 1405 992 1432 1'
1005 1405 1095 1442 elogio
1124 1405 1149 1432 di
1174 1405 1213 1432 fra
1232 1406 1342 1433 Pietro:

766 1459 780 1474 ι
790 1449 898 1476 Patrem
911 1448 983 1475 hunc
997 1456 1084 1484 aeque
1100 1448 1224 1475 doctrina
1238 1456 1269 1474 ac
1283 1456 1343 1484 pru-

766 1501 779 1516 α
790 1491 882 1518 dentia
901 1496 928 1517 et
945 1490 1079 1526 religiosis
1098 1490 1219 1516 moribus
1233 1489 1343 1525 insigni-

765 1541 832 1561 «ter
859 1533 1035 1568 conspicuum
1065 1531 1151 1559 multa
1179 1540 1226 1568 per
1252 1531 1342 1567 ipsum

765 1586 780 1601 ι
791 1575 928 1612 praeclare
935 1580 1011 1611 gesta
1019 1574 1165 1602 declarant.
1199 1575 1221 1601 is
1230 1574 1312 1606 enim,
1321 1574 1344 1600 si

768 1628 779 1642 ς
792 1618 942 1645 doctrinam
956 1617 1079 1652 aspicias,
1099 1616 1238 1644 multoties
1252 1616 1344 1643 acade-

767 1669 782 1683 ι
792 1660 877 1686 miam
890 1658 1018 1686 coenobii
1032 1657 1175 1690 florentini,
1190 1656 1343 1693 incipiendo

767 1713 782 1728 ι
792 1702 825 1728 ab
838 1701 1031 1734 adolescentia,
1042 1707 1188 1736 regentem,
1204 1699 1344 1727 multoties

767 1754 782 1770 α
792 1745 820 1772 ἰη
831 1743 980 1772 cathedrali
992 1743 1211 1775 concionantem,
1224 1741 1346 1778 frequen-

767 1796 781 1811 «
792 1792 833 1814 ter
851 1787 879 1813 in
898 1785 1042 1813 florentino
1052 1791 1148 1812 senatu
1164 1791 1288 1812 orantem
1307 1793 1347 1811 re-

766 1838 782 1854 «
794 1828 887 1864 peries,
924 1828 947 1855 si
966 1827 1135 1863 prudentiam
1155 1835 1187 1854 ex
1206 1826 1345 1862 magistra-

768 1871 872 1904 «tibus,
895 1878 965 1906 quos
993 1875 1116 1897 accurate
1143 1868 1346 1901 administravit,

767 1913 962 1945 «consideres,
988 1911 1029 1939 bis
1057 1911 1135 1938 illum
1155 1911 1346 1938 Annuntiatae

767 1966 782 1981 ar
794 1957 919 1992 priorem,
938 1955 978 1982 bis
998 1954 1118 1981 Etruriae
1142 1953 1346 1989 provincialem,

768 1997 878 2026 «semel
897 1996 1030 2034 generalis
1049 1997 1155 2023 socium
1183 2002 1210 2022 et
1228 2003 1308 2031 saepe
1329 2003 1346 2022 a

767 2039 1040 2068 «consultationibus
1065 2046 1156 2065 rerum
1186 2037 1214 2064 in
1240 2037 1345 2065 Ordine

769 2082 970 2119 «gerendarum
995 2081 1120 2117 reperies.
1157 2087 1252 2107 verum
1277 2079 1346 2107 haec

768 2125 887 2153 «omnia
911 2129 1037 2160 superant
1064 2121 1260 2158 religiosissimi
1287 2122 1345 2148 eius

769 2176 892 2200 «mores,
912 2167 957 2203 qui
973 2166 1051 2193 illum
1070 2165 1168 2192 veteris
1187 2169 1344 2192 sanctorum

768 2221 782 2235 ι
794 2217 900 2246 patrum
930 2208 1089 2244 disciplinae
1116 2207 1247 2234 cultorem
1275 2206 1344 2233 adeo

768 2252 898 2280 «futurae
917 2250 1066 2288 posteritati
1094 2249 1271 2286 spectabilem
1290 2248 1351 2276 red-

767 2306 782 2321 «
793 2295 927 2327 fiderunt,
942 2300 971 2321 ut
981 2293 1050 2320 inter
1062 2292 1141 2319 huius
1157 2291 1270 2320 Ordinis
1285 2291 1346 2318 bea-

769 2344 836 2364 «tos
854 2336 975 2372 plerique
994 2344 1027 2363 ex
1044 2334 1145 2362 nostris
1164 2335 1221 2361 iure
1244 2341 1347 2361 connu-

769 2390 783 2405 α
793 2379 953 2407 metandum
963 2378 1116 2406 censuerint
1129 2387 1152 2405 ι.
1191 2376 1289 2411 Gumt,
1295 2385 1346 2413 op.

768 2423 811 2451 cit.
831 2422 876 2450 lib.
894 2421 928 2454 V,
947 2429 1006 2457 cap.
1024 2429 1050 2453 v,
1071 2419 1123 2447 col.
1142 2426 1208 2452 40¹·

1217 2488 1250 2515 4¹

1390 489 1426 510 Gli
1453 488 1495 510 fini
1527 494 1577 509 eos-

1363 521 1423 544 gnt-
