1696 2782
121 421 206 442 Iun-nti
219 425 274 441 tutto
292 422 303 441 e

93 448 303 468 necenarioesclude-

93 480 114 494 re
128 474 182 495 dall·
196 475 303 502 questione

92 501 99 521 i
108 501 199 528 religiosi
209 508 251 522 non
261 502 303 521 nin-

92 529 140 552 ceri,
149 528 186 548 che
200 528 302 548 luci-ron

92 554 107 574 n
129 554 205 575 mondo
229 559 302 575 contro

91 581 162 608 voglin
172 588 183 602 e
194 582 259 601 τίω
275 588 302 601 on

93 614 127 635 pa·
139 607 195 628 som
204 608 238 628 nel
247 588 302 629 egio-

92 639 136 655 ‘tro

115 944 124 965 1
142 945 185 966 veri
206 945 243 964 reli
259 945 298 965 iosi

89 972 157 992 hanno
172 952 299 992 abb-uagom-

88 1004 111 1019 ιο
121 998 136 1018 il
146 998 215 1018 secolo
222 998 241 1018 di
251 1005 298 1026 pro-

88 1026 132 1052 prio
147 1025 213 1052 genio,

87 1177 178 1196 nauseati
192 1176 212 1197 cu
225 1182 283 1202 esso3

86 1344 155 1365 sicehe
177 1345 192 1365 i1
213 1346 296 1366 ricardo

86 1371 119 1391 dei
133 1372 205 1398 placeri
219 1373 246 1392 ivi
260 1379 296 1400 gu-

86 1399 135 1418 stati
149 1405 191 1418 non
205 1400 246 1445 pub
260 1400 295 1419 che

86 1426 157 1445 riescir
163 1432 199 1452 per
215 1432 252 1446 oro
261 1433 295 1453 pe-

86 1458 150 1476 noso3
162 1453 194 1471 cio
204 1452 239 1472 che
254 1460 295 1473 non

85 1479 167 1498 :werra
176 1479 246 1499 invece
254 1479 295 1507 agli

85 1505 188 1532 inesperti.

109 1807 165 1828 Vero
171 1808 182 1827 ὲ
191 1807 227 1827 che
235 1807 249 1828 il
258 1815 291 1828 ue-

82 1834 137 1854 mico
156 1834 200 1854 suoi
217 1835 292 1855 vdersi

82 1866 117 1887 per
124 1865 191 1881 tentat
198 1861 217 1881 le
225 1862 292 1882 anime

80 1887 100 1907 di
115 1892 191 1914 quanto
200 1894 245 1908 esse
259 1895 293 1908 co-

81 1920 183 1939 uoscouo,
207 1915 291 1935 nnziche

80 1940 215 1968 dell‘ignotog

334 293 395 318 100
747 290 1090 319 EPISTOLARIO

417 417 514 450 Nunc
533 424 651 455 autem,
672 424 707 448 ut
727 415 766 448 ad
786 416 947 459 quesitum
968 415 1128 455 accedam,
1150 427 1253 449 unum
1271 425 1399 459 oportet
1411 415 1450 449 de
1466 427 1523 449 ne-

333 475 477 507 cessitate
488 473 681 517 premittere,
695 482 731 506 ut
749 484 859 506 veram
876 473 929 506 vel
940 474 1159 507 verosimilem
1170 474 1332 518 possimus
1351 474 1431 507 ferre
1451 485 1523 507 sen-

331 531 463 564 tentiam
469 543 478 572 ;
494 530 597 571 nobis,
610 530 771 569 videlicet,
782 530 815 563 in
836 530 895 564 hac
910 531 1079 575 questione
1094 542 1280 565 sermonem
1301 543 1371 565 esse
1386 531 1426 565 de
1438 531 1522 565 veris

328 589 494 632 religiosis,
514 599 595 632 quos
619 599 686 622 non
710 588 850 622 mundus
870 588 1036 632 expulerit,
1059 588 1117 622 sed
1135 589 1189 633 qui
1207 588 1369 623 mundum
1386 589 1522 634 relique-

328 647 399 680 rint.
445 658 521 679 nam
544 647 571 679 si
594 658 675 690 quos
698 646 846 691 religioni
869 646 1040 690 implicitos
1059 646 1224 680 electionis
1247 659 1305 680 sue
1327 646 1410 682 forte
1432 648 1522 692 peni—

327 713 392 738 teat
415 713 446 737 et
479 705 512 737 in
543 704 698 748 religione
722 714 875 738 maneant
899 704 941 738 ob
965 704 1156 738 verecundie
1180 714 1305 739 metum
1335 705 1387 738 vel
1409 705 1521 750 legum

326 763 461 795 vinculis
492 762 621 807 alligati,
651 772 752 796 certus
776 774 848 796 sum
872 771 903 796 et
927 763 1118 796 curiositatis
1140 764 1312 807 vagatione
1336 763 1466 797 distrahi
1489 773 1522 798 et

327 830 507 854 exactarum
524 821 727 865 voluptatum
746 822 903 855 memoria
926 821 1110 865 perturbari.
1158 821 1197 855 de
1219 822 1286 855 istis
1310 833 1389 866 ergo
1412 833 1520 856 sermo

325 878 418 912 nobis
442 890 508 912 non
533 879 583 919 sit,
600 880 654 923 qui
679 891 752 913 cum
770 891 836 913 non
854 879 1019 913 ambulent
1034 880 1067 912 in
1083 879 1143 913 viis
1158 880 1295 913 Domini
1310 890 1341 914 et
1355 881 1389 914 in
1403 880 1520 925 iniqui-

326 945 405 970 tates
429 945 588 978 corruant,
607 936 756 971 facillime
779 937 964 971 scandalum
986 938 1160 982 patiuntur.
1207 939 1274 971 veri
1299 947 1418 980 autem,
1437 939 1520 972 sicut

326 994 475 1035 diximus,
499 995 649 1039 religiosi,
673 996 700 1029 si
723 996 859 1029 maiores
883 1005 961 1030 natu
991 1005 1023 1029 et
1050 996 1165 1030 mundi
1194 995 1366 1030 blandicias
1396 997 1519 1041 experti

324 1053 397 1086 loco
421 1053 570 1086 cesserint
594 1062 625 1086 et
648 1052 687 1086 ad
710 1055 926 1087 austeritatem
949 1054 1114 1098 religionis
1137 1066 1172 1087 se
1196 1055 1425 1096 converterint,
1448 1067 1518 1089 non

325 1110 511 1144 crediderim
541 1111 704 1155 reliquisse
735 1112 890 1153 seculum,
921 1112 981 1145 nisi
1013 1112 1088 1156 quia
1117 1113 1243 1146 ratione
1279 1113 1455 1146 certissima
1485 1122 1518 1147 et

324 1169 532 1202 vehementer
563 1170 736 1214 inceperint
766 1170 810 1204 eis
840 1170 902 1210 illa,
934 1182 996 1214 que
1027 1171 1060 1204 in
1084 1170 1208 1204 mundo
1236 1170 1354 1205 fuerint
1385 1171 1517 1216 experti,

323 1237 493 1271 postquam
518 1229 626 1261 omnia
650 1228 797 1270 viderint,
820 1229 994 1273 displicere.
1048 1241 1146 1274 quarn
1169 1229 1301 1274 quidem
1325 1231 1441 1264 mentis
1471 1229 1517 1264 af·

323 1285 508 1326 sectionem,
532 1286 559 1319 si
582 1286 680 1319 fixam
693 1287 928 1331 immotamque
943 1288 1113 1328 tenuerint,
1130 1297 1165 1322 ut
1182 1299 1258 1321 vere
1276 1288 1440 1333 religionis
1455 1297 1515 1330 est,

323 1354 391 1377 non
415 1343 510 1377 video
533 1344 609 1388 quid
633 1346 755 1388 possint
777 1357 816 1378 ex
841 1346 998 1379 memoria
1021 1346 1224 1390 voluptatum
1250 1347 1429 1391 concipere,
1452 1347 1515 1381 nisi

323 1402 531 1445 penitentiam
561 1404 808 1437 commissorum
838 1412 870 1437 et
899 1404 1066 1438 horrorem
1099 1404 1263 1448 quendam
1289 1404 1329 1438 ad
1357 1405 1421 1446 illa,
1450 1416 1515 1450 que

322 1460 538 1501 meminerint,
571 1461 760 1505 repetenda3
788 1461 974 1506 faciliusque
1003 1462 1089 1496 rudis
1113 1471 1145 1496 et
1166 1463 1298 1497 indocta
1329 1463 1515 1508 simplicitas

322 1518 354 1550 in
368 1517 421 1550 illa
432 1517 493 1550 labi
510 1528 629 1562 posset,
644 1531 741 1563 quarn
757 1520 783 1552 si
800 1529 831 1553 et
849 1520 1045 1565 voluptatem
1063 1530 1095 1554 et
1110 1533 1281 1566 sequacem
1296 1531 1443 1566 percepte
1454 1533 1514 1556 vo-

320 1575 447 1619 luptatis
460 1577 670 1620 penitentiam
680 1577 850 1622 aliquando
865 1577 975 1612 fuisset
987 1588 1127 1623 experta.
1167 1579 1327 1614 declinant
1338 1588 1434 1613 naute
1442 1591 1514 1614 sco-

320 1634 424 1677 pulos,
443 1635 476 1668 in
495 1646 576 1679 quos
595 1635 694 1669 semel
709 1636 914 1677 offenderint;
935 1647 967 1670 et
979 1638 1056 1679 avis,
1069 1650 1133 1682 que
1147 1638 1275 1672 viscatis
1287 1637 1434 1683 effugerit
1444 1638 1512 1680 alis,

321 1692 441 1725 cautior
453 1692 598 1726 arborem
609 1694 701 1737 petit3
715 1703 746 1727 et
760 1693 837 1735 fera,
855 1706 919 1739 que
932 1695 1060 1740 fregerit
1075 1695 1238 1740 laqueum,
1250 1695 1369 1740 ubique
1384 1696 1511 1740 pedicas

321 1750 441 1793 cogitat
463 1751 614 1784 occultari
622 1764 631 1792 ;
651 1763 711 1785 nec
737 1752 792 1785 vix
811 1762 859 1786 est
882 1762 988 1787 tutum
1012 1753 1188 1788 viatoribus
1211 1755 1279 1796 iter,
1303 1754 1356 1788 ubi
1372 1754 1511 1789 latrones

320 1809 544 1842 consueverint
556 1809 715 1843 insultare.
758 1809 859 1844 fateor
870 1820 978 1844 tamen
992 1812 1161 1856 antiquum
1174 1812 1303 1846 hostem
1314 1811 1438 1846 facilius
1448 1823 1511 1846 nos

318 1877 374 1909 per
392 1875 470 1899 nota
487 1875 607 1900 tentare
626 1879 722 1912 quam
742 1880 797 1912 per
819 1880 856 1902 ea
874 1869 908 1902 in
931 1881 1069 1913 quorum
1089 1881 1255 1915 nunquam
1279 1870 1509 1915 experientiam

318 1925 476 1958 venimus.
522 1925 567 1958 sic
577 1925 659 1959 beati
671 1925 785 1959 Albani
796 1935 918 1970 patrem
928 1927 1069 1971 legimus
1081 1929 1196 1962 iterum
1209 1928 1273 1962 filie
1289 1937 1400 1973 stupro
1411 1927 1509 1963 fuisse

315 1983 510 2026 permixtum
521 1983 574 2025 (¹>3
599 1993 630 2017 et
653 1984 736 2028 apud
755 1985 915 2029 optimum
933 1995 1041 2020 vatem
1059 1986 1170 2020 infelix
1194 1998 1305 2021 amans
1327 1987 1448 2032 inquit:

668 2055 789 2082 agnosco
806 2048 904 2075 veteris
922 2049 1035 2085 vestigia
1054 2049 1164 2077 flamme
1173 2049 1216 2078 (²).

366 2137 387 2155 2.
402 2131 421 2153 A
435 2131 608 2161 pretermittere,
624 2136 726 2156 correuo
740 2134 783 2156 dal
794 2135 884 2163 copista
898 2135 923 2157 in
937 2136 1064 2164 permittere
1140 2144 1162 2167 3.
1176 2136 1196 2159 A
1209 2137 1255 2159 vid.
1270 2137 1324 2160 nob.
1400 2144 1425 2165 4.
1439 2137 1459 2159 Α
1472 2143 1508 2160 τε

313 2171 433 2200 linquet-int
485 2172 507 2194 6.
521 2173 540 2194 R
549 2172 678 2201 religionem
734 2175 755 2197 8.
770 2175 788 2197 A
802 2178 886 2197 omette
899 2176 1007 2199 memoria
1061 2184 1085 2206 9.
1095 2177 1114 2198 R
1123 2176 1155 2199 dd
1165 2177 1230 2200 nobis
1239 2178 1285 2200 due
1294 2178 1365 2200 voloe.
1400 2176 1445 2199 ΚΑ
1454 2177 1508 2201 MC

312 2215 430 2235 omettono
445 2216 466 2235 et
536 2220 571 2243 ¹3·
585 2213 603 2235 A
618 2213 657 2242 qui
726 2221 758 2242 ις.
773 2215 827 2238 M-C
839 2215 950 2245 siquidem
1020 2217 1054 2240 18.
1069 2217 1088 2239 A
1097 2217 1224 2247 penitencia
1291 2224 1326 2241 22.
1339 2218 1359 2240 A
1374 2221 1397 2240 et
1411 2217 1505 2247 aviaque

313 2259 349 2282 ²3·
363 2252 382 2275 Α
396 2254 488 2276 caucius
542 2255 579 2277 28.
593 2256 683 2284 amans]
698 2255 741 2277 RA
750 2256 804 2278 MC
816 2263 894 2279 mnus

924 2333 1050 2367 superstiz.
1061 2332 1099 2359 del
1109 2342 1140 2359 m.
1156 2342 1186 2366 ι.,
1197 2332 1311 2365 Tor-ino,
1323 2332 1399 2367 1892,
1409 2331 1429 2365 1,
1440 2332 1502 2368 289,

929 2374 1000 2408 308),
1016 2375 1031 2401 e
1048 2374 1169 2401 discorso
1187 2374 1259 2410 negli
1272 2375 1340 2402 Acta
1357 2378 1502 2402 santorum

927 2416 1001 2449 iunii,
1020 2415 1204 2452 Antwerpiae,
1231 2424 1362 2450 imecvn,
1389 2416 1439 2450 IV,
1457 2423 1500 2452 94.

962 2458 1005 2493 (2)
1024 2458 1113 2486 Vnae.
1132 2460 1198 2486 Am.
1215 2459 1264 2492 IV,
1279 2466 1322 2494 ²3·

346 2327 386 2362 (1)
393 2327 429 2353 Di
437 2327 526 2355 alcuni
533 2329 594 2355 testi
601 2329 629 2355 di
635 2335 728 2365 questa
737 2329 880 2365 leggenda,

310 2369 441 2404 ripudiata
457 2379 536 2397 come
549 2371 668 2407 apocrifa
684 2372 757 2399 dalla
771 2372 881 2405 Chiesa,

311 2420 354 2438 ma
373 2412 424 2439 che
444 2413 510 2440 ebbe
525 2413 570 2440 nel
589 2414 679 2440 medio
698 2423 748 2441 evo
760 2415 881 2451 grandis-

309 2453 377 2480 sima
395 2455 528 2482 notorieta
544 2456 583 2490 (v.
601 2456 690 2488 Gur,
705 2457 775 2490 Miti,
790 2457 851 2493 lagg.
870 2467 882 2484 ι

1550 951 1590 975 10

1548 1241 1585 1275 ¹5

1542 1539 1585 1564 20

1537 1827 1579 1862 25
