1682 2762
54 868 95 893 10

54 1159 91 1192 15

400 209 449 236 DI
481 208 745 237 COLUCCIO
778 208 1049 237 SALUTATI.

1255 211 1316 243 591

129 343 287 368 noemma
305 334 372 367 avis
392 333 513 368 habens
532 345 653 368 nomen
669 334 709 368 de
723 346 806 368 sono
821 335 924 376 vocis3
940 334 1071 379 quando
1086 335 1172 368 enim
1194 334 1320 375 clamat,

125 392 238 427 stridet
248 393 293 426 (¹).
335 393 436 426 miror
451 402 558 427 autem
573 392 661 438 quod
673 393 756 438 apud
771 395 977 427 convicinum
998 403 1090 427 tuum
1108 404 1175 427 non
1190 393 1319 438 legeris:

125 447 264 483 hister
286 449 418 494 gentile,
430 449 504 483 hinc
523 450 686 490 histrix,
710 450 919 491 histricis,
935 450 1100 495 quoddam
1113 450 1231 484 animal
1242 462 1319 496 qua-

126 508 252 554 drupes,
275 510 451 554 spinosum,
471 511 547 554 quia
565 510 597 543 in
614 519 695 543 terra
714 509 766 543 illa
785 509 926 544 abundet
941 511 986 544 (²).
1033 509 1089 544 sed
1108 510 1186 555 quid
1205 510 1238 544 in
1257 509 1319 544 hoc

73 578 91 611 5
122 565 240 601 diutius
265 567 396 601 moror?
447 577 479 601 et
503 567 771 601 Glossarium
796 577 827 602 et
850 569 964 613 Papias
987 567 1127 602 scribunt
1158 568 1319 602 histricem

122 625 239 660 animal
263 636 332 659 esse
356 625 576 670 spinosumffl.
625 637 763 670 cumque
786 626 907 660 Plinius
930 626 1093 660 histricem
1109 626 1226 660 animal
1244 626 1320 660 velit

121 695 191 718 esse
213 683 405 728 quadrupes,
428 696 587 729 nusquam
606 685 712 729 ipsum
735 685 867 729 strigem
887 684 1023 729 appellat
1042 697 1100 718 nec
1120 685 1226 729 strigis
1245 684 1320 718 facit

122 742 220 777 etiam
244 743 328 777 iuter
350 743 491 777 volatilia
509 744 722 784 mentionem,
745 743 802 777 sed
826 743 864 777 de
885 743 947 777 hoc
971 743 1100 777 animali
1124 744 1170 777 sic
1198 744 1318 788 inquit:

123 799 268 835 histrices
291 811 447 846 generant
469 801 561 836 India
584 810 616 835 et
634 801 740 836 Africa
759 802 870 846 spinea
890 810 1038 835 contecta
1056 810 1087 834 et
1106 802 1319 835 erinaciorum

122 870 252 904 genere,
275 859 332 894 sed
356 860 473 894 histrici
490 860 654 904 longiores
677 860 778 894 aculei
799 869 842 901 et,
858 871 933 894 cum
952 859 1089 893 intendit
1108 868 1227 900 cutem,
1242 860 1318 894 mis-

122 917 206 952 siles.
253 929 310 952 ora
322 920 507 964 urgentium
519 918 590 964 figit
602 931 730 960 canum,
748 928 780 953 et
794 918 890 964 paulo
906 918 1035 963 longius
1051 918 1213 952 iaculatur.
1259 918 1319 952 hec

123 975 246 1011 Plinius
257 976 306 1018 (⁴);
331 986 367 1011 ut
389 977 498 1021 negari
518 989 585 1012 non
608 977 709 1022 possit
731 976 820 1022 quod
844 986 876 1011 et
898 986 1007 1011 noster
1031 976 1241 1018 Claudianus,
1263 976 1318 1010 ubi

121 1033 162 1069 de
181 1034 310 1069 histrice
328 1045 360 1069 et
375 1036 444 1069 eius
462 1045 576 1070 natura
595 1036 736 1069 carmine
752 1034 864 1070 divino
884 1034 1095 1079 prosequitur,
1119 1034 1201 1068 clare
1225 1033 1319 1068 docet

122 1091 186 1126 hoc
199 1092 318 1127 animal
334 1104 401 1127 non
421 1093 553 1138 strigem
559 1106 569 1135 3
584 1093 734 1138 quicquid
748 1093 826 1128 velit
842 1092 1003 1134 Isidorus3
1022 1092 1078 1126 sed
1095 1093 1258 1127 histricem
1269 1092 1318 1134 (⁵);
1348 1122 1361 1136 ¹,

121 1149 210 1195 quod
233 1161 321 1191 usus,

281 1226 374 1259 Quem
393 1234 476 1262 penes
495 1226 633 1253 arbitrium
653 1233 694 1254 est
713 1233 739 1254 et
758 1227 799 1254 ius
818 1233 844 1254 et
863 1235 960 1254 norma
980 1226 1109 1263 loquendi
1118 1227 1162 1259 (⁶),

120 1307 329 1354 comprobat3
354 1309 512 1354 appellari.
560 1309 619 1344 hec
643 1309 800 1344 hactenus
825 1320 856 1344 et
879 1310 919 1345 de
942 1312 1076 1345 nomine
1099 1312 1174 1346 satis
1198 1310 1320 1346 dictum

120 1365 264 1401 arbitror.
310 1366 367 1401 sed
387 1367 555 1402 veniamus
579 1367 618 1402 ad
638 1368 759 1414 reliqua
782 1369 1024 1414 videamusque,
1045 1369 1123 1404 dum
1143 1370 1224 1404 inter
1242 1369 1320 1414 phy-

120 1425 186 1459 sica
209 1425 354 1467 versaris,
377 1426 404 1460 si
423 1426 575 1472 quicquid
597 1426 653 1461 tibi
677 1426 765 1472 quod
789 1427 1044 1472 irrefragabiliter
1066 1439 1178 1462 verum
1202 1428 1243 1462 sit
1266 1439 1319 1462 oc-

121 1483 226 1518 currit.

186 1542 258 1577 Nec
282 1542 315 1576 in
340 1541 404 1577 hoc
427 1553 471 1585 te,
495 1555 565 1578 care
589 1543 693 1586 frater,
716 1545 873 1579 incusem.

932 1545 1043 1578 omnia
1065 1544 1196 1590 quidem
1221 1556 1261 1579 ex
1285 1544 1320 1579 il-

119 1599 227 1634 lorum
251 1599 395 1635 fontibus
415 1612 433 1635 a
456 1611 488 1636 te
510 1601 647 1636 fideliter
670 1602 782 1637 hausta
800 1613 889 1644 sunt;
908 1615 1006 1648 quam
1026 1613 1134 1637 autem
1154 1604 1320 1638 sussistere

173 1701 335 1732 &Anio-uri

120 1741 224 1765 Prius

157 1828 201 1863 (ι)
219 1827 277 1857 Tra
295 1828 322 1856 le
333 1829 424 1866 glosse
438 1835 547 1858 estrane
564 1830 608 1858 dal
622 1830 698 1858 Liber

119 1869 259 1906 glossarum
277 1871 322 1898 dal
348 1871 447 1899 Gom
468 1872 580 1909 (Corpus
595 1872 698 1908 glossar.

120 1912 222 1941 iathar.
247 1912 284 1947 V)
312 1921 417 1955 questa,
437 1914 488 1942 che
515 1915 531 1942 e
558 1915 602 1943 del
625 1922 698 1943 resto

120 1956 252 1992 semplice
270 1957 460 1993 riproduzione
479 1957 541 1984 deu'
552 1958 697 1986 isidoriana

119 2001 165 2036 gii
190 2007 370 2028 rammentsta
399 2002 438 2036 (v.
465 2010 545 2038 sopra
563 2009 628 2030 nota
648 2003 664 2030 8
681 2011 696 2030 a

119 2050 145 2079 p.
167 2043 239 2079 590),
254 2051 311 2071 non
326 2044 349 2071 si
361 2049 447 2071 treva.
483 2044 535 2072 Per
550 2045 634 2081 Papia
643 2045 698 2072 v.il

119 2093 171 2112 suo
190 2085 275 2113 ἑαῖς.
293 2093 316 2113 s.
332 2094 358 2113 v.
381 2086 483 2114 strix.

154 2128 198 2163 (2)
211 2127 233 2155 11
249 2138 263 2153 ι
273 2129 432 2156 convicinus
442 2139 457 2155 υ
478 2129 505 2156 di
527 2128 618 2157 Guido
642 2138 696 2157 non

119 2171 173 2206 pub
191 2178 280 2198 essere
299 2171 358 2199 altri
378 2171 430 2199 che
449 2171 584 2200 Giovsnni
611 2172 696 2207 Balbi,

118 2211 138 2239 il
150 2220 285 2249 genovese
296 2220 391 2241 autore
402 2214 446 2242 del
456 2214 614 2247 Catholicon,
625 2215 696 2242 dove

118 2253 170 2289 (de
189 2253 256 2281 litt.
272 2254 296 2282 H
315 2261 390 2282 ante
404 2255 428 2288 1)
438 2255 460 2282 si
474 2255 568 2291 legge:
581 2266 596 2281 α
607 2256 696 2283 Hister

120 2304 135 2320 ι
145 2295 285 2324 Danubius
293 2316 300 2323 .
308 2317 326 2325 ..
335 2297 429 2324 exinde
438 2306 452 2324 a
459 2297 592 2325 vocabulo
598 2300 696 2331 amnis,

121 2347 135 2362 ι
147 2346 202 2374 quo
220 2347 236 2366 a
255 2339 323 2367 mari
342 2346 511 2367 recesserunt
530 2340 613 2368 Histri
631 2341 695 2368 dicti

119 2387 216 2408 «sunt.
263 2381 327 2409 inde
352 2381 403 2410 hec
427 2382 580 2417 Histria,
606 2383 694 2411 strie

399 1701 876 1733 sumteapoemtoenaaoe

946 1704 982 1728 18.
996 1705 1014 1727 A
1030 1703 1203 1733 videnmurque,
1217 1707 1321 1727 corr-eno

744 1831 841 1859 «dicta
869 1838 909 1859 est
935 1837 1006 1859 terra
1033 1839 1114 1868 quam
1139 1831 1321 1859 incoluerunt,

744 1874 841 1901 «unde
861 1873 974 1901 hister
992 1880 1064 1901 stra
1083 1881 1191 1901 strum
1210 1874 1321 1910 gentile.

744 1922 798 1943 «et
812 1916 855 1943 hic
874 1916 1001 1944 histrix
1020 1916 1084 1943 icis
1102 1916 1239 1952 quoddam
1264 1917 1320 1944 ani·

745 1959 825 1986 «mal
851 1959 1012 1996 quadrupes,
1033 1960 1183 1995 spinosum,
1202 1959 1265 1996 quia
1292 1959 1320 1986 in

746 2012 760 2026 ι
770 2009 841 2029 terra
861 2001 906 2029 illa
924 2002 1076 2029 abundet».

780 2045 821 2079 (3)
841 2044 892 2071 Per
919 2044 1002 2079 Papia
1026 2053 1050 2070 v.
1077 2043 1162 2071 chn'c.
1182 2052 1202 2071 s.
1219 2052 1245 2071 v.
1263 2043 1320 2079 hy-

743 2094 839 2115 Strlx.

778 2130 822 2165 (4)
841 2129 876 2157 C.
895 2129 974 2156 Pam.
991 2129 1052 2156 Nat.
1067 2129 1123 2156 hist.
1136 2128 1210 2162 vm,
1222 2136 1281 2161 un.
1298 2137 1320 2161 ις

743 2181 788 2199 ma
807 2173 826 2200 il
845 2178 915 2200 testo
934 2172 968 2199 da
985 2182 999 2197 α
1011 2172 1087 2207 spina
1106 2177 1280 2199 contectas».

779 2215 819 2250 (5)
828 2215 939 2242 eumn.
946 2213 1032 2247 XLV,
1039 2213 1131 2250 Eidyll.
1139 2222 1168 2246 u,
1176 2213 1320 2249 Hystrix,

742 2266 784 2283 vv.
803 2265 870 2291 4-5:
1003 2292 1101 2319 cognitu·
1114 2291 1192 2318 hm

847 2324 962 2346 Hercul-u
977 2324 1066 2345 affin-x
1081 2331 1136 2345 ινα,

776 2383 818 2420 (6)
838 2383 951 2412 flou-r.
971 2383 1019 2420 Ερ.
1040 2383 1074 2416 11,
1093 2391 1133 2416 111,
1152 2390 1194 2418 72.

1349 397 1561 445 aet-,ww

1382 626 1455 647 Anehe
1482 627 1560 652 Plinio,

1348 654 1435 675 hddove
1479 654 1560 674 chium

1347 681 1415 709 «μοι’
1425 681 1514 701 mininie
1531 687 1560 700 un

1347 707 1561 759 2:22552‘5‘22252‘3}

1347 976 1362 997 ii
1370 977 1408 997 ebe
1415 976 1436 996 fn
1441 982 1491 1004 pure
1497 975 1560 997 chu-

1349 1004 1419 1024 dinuo.

1374 1087 1454 1113 siccine,
1478 1088 1523 1108 dieu
1546 1095 1560 1108 ο

1362 1122 1390 1136 on
1413 1116 1458 1135 dien
1479 1114 1560 1135 lddom

1348 1142 1396 1170 quei
1406 1142 1442 1162 ebe
1451 1141 1521 1162 Gnade
1528 1148 1560 1162 u-

1347 1170 1431 1192 terino,
1449 1168 1464 1188 i'
1473 1168 1560 1188 mim-xe

1349 1196 1370 1216 di
1385 1196 1417 1216 cui
1427 1195 1445 1216 ui
1455 1200 1519 1215 tntu
1527 1195 1561 1215 d·-

1348 1229 1429 1270 ffl‘
1444 1222 1531 1269 '555
1538 1230 1560 1247 '⁵

1439 1256 1449 1268 Ι
1521 1255 1534 1269 0
1547 1257 1558 1268 Ι

1347 1282 1416 1297 onere
1430 1275 1542 1296 ehi-nno.

1375 1315 1410 1336 Ι·
1423 1316 1477 1337 buti
1486 1315 1506 1336 εΙΙ
1515 1315 1559 1341 ἀὸς

1349 1350 1374 1364 or
1396 1343 1414 1364 ni
1529 1349 1559 1367 κ,

1347 1370 1454 1391 mundo
1484 1369 1531 1390 alui
1538 1370 1561 1390 fi-

1348 1397 1386 1418 uid
1418 1395 1560 1421 obianum-

1347 1424 1375 1444 do
1384 1430 1396 1444 ι
1412 1424 1445 1444 bin
1455 1430 1468 1444 ο
1478 1430 1506 1444 ιο
1517 1423 1560 1444 eoi-

1348 1455 1371 1471 πο
1385 1450 1419 1471 ui
1433 1457 1505 1478 agno.

1347 1511 1561 1561 affisse‘ffito‘t

1348 1566 1402 1587 ronti
1407 1567 1516 1614 gregium:
1527 1574 1561 1588 m

1348 1593 1406 1641 2:
1419 1594 1561 1668 ἕως

1347 1647 1406 1698 2:2³:
1462 1648 1532 1675 defluo
1540 1647 1561 1669 dt
