1682 2762
124 404 217 424 debitore
246 403 335 427 intende,

124 431 199 458 perche
219 437 304 458 ognuno
324 431 335 450 ὲ

125 463 199 478 tenuto
210 457 240 477 far
250 462 307 484 parte
317 456 337 477 nl

138 485 228 504 rossimo
233 484 252 504 di
259 488 336 511 quanto

146 512 166 531 io
177 511 205 538 gli
216 511 243 531 ha
252 510 335 538 largito.

150 924 217 944 Teme
224 924 312 944 rumvin
319 923 339 944 di

127 958 170 971 non
194 956 253 978 poter
280 956 339 987 appa-

142 978 195 1002 arlo,
205 983 273 998 arten
286 977 293 997 1
310 978 339 996 in-

143 1005 175 1024 ole
190 1005 243 1024 delle
257 1010 294 1024 sue
303 1004 339 1024 do-

127 1031 207 1055 mande,

128 1151 181 1172 sulle
214 1150 269 1178 quali
296 1158 339 1171 non

127 1184 219 1206 possono
227 1184 282 1198 recnr
294 1178 339 1198 luce

127 1206 153 1225 ne
168 1205 187 1225 ln
205 1205 298 1232 ragione,
313 1206 339 1224 ne

127 1232 142 1251 1¹
149 1232 274 1263 esperienzn,
283 1232 309 1251 ne
320 1231 340 1251 la

128 1259 250 1279 mamone.

368 268 429 299 166
786 272 1130 300 EPISTOLARIO

365 399 506 442 cepimus
529 408 597 430 non
621 397 777 441 Largitori
795 396 913 436 solum,
929 396 1019 430 cuius
1035 405 1082 430 est
1101 396 1206 430 celum
1222 405 1254 430 et
1268 405 1350 430 terra
1365 407 1469 441 queve
1485 405 1560 430 sunt

365 457 398 489 in
423 456 478 496 eis,
502 455 558 488 sed
582 455 718 494 homini,
739 455 794 498 qui
817 453 948 498 quidem
967 454 1169 498 plasmatoris
1188 454 1298 499 imago
1315 463 1372 488 est.
1420 453 1460 487 ad
1482 453 1560 498 quid

365 515 451 547 enim
475 513 699 557 multiplicavit
723 513 813 547 Deus
832 512 1012 553 hominem,
1036 513 1097 546 nisi
1124 514 1279 557 quoniam
1299 513 1378 546 vidit
1400 523 1467 546 non
1491 523 1560 545 esse

365 571 487 605 bonum
509 571 677 604 hominem
692 570 798 604 solum
814 569 951 604 fore?(¹)
996 579 1043 611 ut,
1057 570 1139 604 sicut
1154 571 1262 604 omnis
1287 570 1457 614 corporalis
1477 581 1561 603 crea-

366 639 436 663 tura
460 629 498 662 ab
528 630 599 673 ipso
630 640 737 662 rerum
769 629 920 662 omnium
950 629 1092 673 principe
1124 629 1198 662 Deo
1230 638 1359 673 propter
1391 628 1561 662 hominem

365 687 448 721 facta
474 695 532 727 est,
551 687 595 720 sic
616 696 647 720 et
667 686 810 720 humana
826 686 947 731 species
963 695 1093 731 propter
1106 687 1213 730 ipsum
1233 686 1402 720 hominem
1420 687 1454 720 in
1473 695 1562 720 tanta

365 746 407 779 sit
426 744 632 778 multitudine
651 753 835 789 propagata.
883 745 907 777 si
933 753 1041 777 autern
1067 753 1196 789 propter
1210 744 1378 778 hominem
1392 743 1562 777 indiffinite

367 802 442 837 facti
466 816 589 844 sumus,
613 815 724 837 nonne
749 815 822 848 ego,
845 804 880 836 in
903 803 963 836 hac
987 804 1048 837 Dei
1065 803 1285 843 similitudine,
1309 814 1378 836 non
1397 802 1563 837 brutorum

367 861 508 906 aliquod,
531 861 587 895 sed
611 861 712 895 homo
737 861 848 902 factus,
879 861 982 895 debeo
1013 861 1069 895 tibi
1093 861 1260 906 debeoque
1290 861 1387 896 simul
1410 861 1562 895 omnibus

367 919 517 964 quicquid
542 920 672 964 accepi?
732 920 841 953 nescio
865 929 975 953 tamen
999 919 1025 952 si
1051 920 1143 964 copie
1170 931 1242 953 mee
1272 920 1478 964 petitionibus
1501 920 1563 954 tuis

367 977 571 1011 absolvendis
597 976 766 1011 suffecture
790 986 875 1011 sunt.
922 988 1036 1021 parvas
1056 977 1187 1021 quidem
1208 977 1315 1012 ducis:
1340 989 1403 1022 ego
1419 989 1497 1011 vero
1515 977 1563 1011 ni—

368 1035 431 1069 chil
455 1047 590 1079 parvum
615 1035 757 1075 arbitror,
784 1035 823 1068 de
847 1047 912 1079 quo
935 1044 967 1069 te
991 1036 1097 1069 virum
1128 1035 1399 1070 studiosissimum
1427 1036 1564 1070 sentiam

368 1092 509 1127 dubitare
518 1106 527 1134 ;
560 1093 615 1137 qui
648 1094 791 1127 maxima
822 1102 968 1137 reputem
993 1105 1183 1138 quecunque
1207 1093 1280 1127 talia
1310 1103 1395 1134 sunt,
1419 1093 1507 1138 quod
1529 1093 1563 1128 in

367 1151 509 1195 ipsorum
525 1150 759 1185 dubitationem
777 1151 1007 1185 rationabiliter
1019 1152 1174 1186 veniatur.
1218 1163 1331 1186 verum
1343 1152 1376 1186 in
1393 1151 1564 1186 dubiorum

367 1209 615 1243 declarationem
640 1218 709 1243 turn
734 1210 816 1242 ratio
836 1209 923 1243 ducit
941 1219 1012 1243 tum
1033 1210 1227 1254 experientia
1246 1219 1317 1244 tum
1343 1219 1470 1255 recepta
1495 1221 1563 1244 ma-

366 1268 473 1301 iorum
494 1268 663 1301 auctoritas
683 1276 715 1301 et
738 1266 902 1309 doctrina;
926 1279 989 1312 que
1008 1279 1087 1301 vero
1110 1269 1157 1302 sic
1181 1268 1285 1302 clausa
1309 1277 1394 1309 sunt,
1418 1267 1507 1313 quod
1529 1267 1563 1302 in

367 1337 405 1360 ea
429 1337 495 1359 non
519 1334 626 1370 pateat
649 1325 752 1359 aditus
776 1337 816 1358 ex
841 1325 889 1359 his
913 1325 1023 1367 tribus,
1043 1325 1158 1360 frustra
1177 1327 1313 1367 coneris,
1331 1327 1359 1360 si
1382 1326 1416 1360 in
1440 1325 1564 1360 dubita·

367 1385 492 1418 tionem
513 1384 648 1424 veneris,
671 1395 820 1417 reserare.
868 1396 954 1418 nunc
979 1393 1088 1418 autem
1111 1384 1166 1418 illa
1188 1396 1250 1429 que
1268 1385 1362 1429 petiS‚
1380 1385 1455 1418 talia
1477 1393 1564 1425 sunt,

366 1442 455 1487 quod
478 1442 707 1486 experientiam
731 1453 798 1475 non
823 1441 993 1476 admittant
1015 1453 1075 1476 nec
1099 1442 1131 1476 in
1155 1454 1192 1476 ea
1210 1443 1311 1487 possit
1329 1443 1461 1476 rationis
1479 1443 1565 1487 prin-

368 1501 450 1545 cipio
470 1500 643 1544 penetrari:
663 1499 742 1533 ratio
762 1499 911 1543 quidem3
926 1499 1015 1544 quod
1030 1510 1061 1534 et
1077 1500 1272 1534 vocabulum
1288 1509 1392 1541 sonat,
1409 1501 1564 1545 quoniam

368 1559 406 1592 ab
431 1558 494 1592 hoc
515 1559 650 1592 nomine
674 1567 830 1599 ratum,
855 1558 917 1591 hoc
937 1568 985 1592 est
1001 1558 1144 1600 firmum,
1159 1558 1345 1600 inflectitur;
1366 1559 1564 1604 inexpugna-

368 1617 429 1650 bile
453 1616 606 1660 quiddam
631 1628 700 1649 esse
732 1615 836 1656 debet,
861 1616 946 1660 quod
978 1617 1011 1650 in
1034 1616 1084 1650 his
1111 1628 1174 1660 que
1197 1617 1351 1661 postulas,
1376 1629 1450 1650 cum
1474 1616 1565 1650 facile

367 1674 450 1708 forte
474 1675 515 1708 sit
540 1674 616 1714 aliis,
641 1675 682 1708 sit
706 1683 737 1708 et
770 1674 837 1715 tibi,
862 1674 961 1708 michi
992 1686 1070 1708 vero
1094 1674 1321 1709 difficillimum
1351 1674 1462 1717 fateor,
1485 1676 1566 1717 imo,

366 1744 432 1777 quo
455 1733 571 1766 rectius
595 1732 717 1776 loquar,
742 1732 939 1776 impossibile
972 1733 1116 1777 reperire.
1186 1733 1257 1777 quis
1281 1733 1369 1767 enim
1392 1732 1433 1767 de
1454 1743 1566 1778 poeta-

419 1838 441 1861 6.
457 1838 511 1861 Cod.
528 1838 612 1860 factum
679 1844 712 1860 ιι.
727 1837 784 1860 Cod.
797 1843 867 1866 parva
923 1844 959 1866 ¹7·
969 1844 995 1860 ea
1009 1844 1094 1860 manca
1107 1838 1148 1860 nel
1159 1838 1209 1863 cod.

369 1931 511 1967 «quadam
530 1931 643 1966 epistola
668 1931 763 1959 mihi:
783 1931 816 1958 Et
835 1931 944 1967 Augeas

369 1982 439 2000 «rex
458 1973 486 1999 in
501 1973 599 1999 Grecia
619 1973 785 2000 stercorandi
805 1973 944 2000 solertiam

369 2025 383 2041 r<
394 2015 540 2048 adinvenit,
553 2015 628 2042 cuius
641 2015 745 2042 stabula
758 2015 867 2051 fingitur
881 2015 946 2042 Her·

369 2068 382 2082 «
395 2058 469 2085 cules
483 2058 613 2093 egessisse
624 2068 648 2085 ».
678 2058 724 2084 Ma
737 2064 837 2085 coteste
850 2058 944 2094 parole

367 2100 506 2127 ricorrono
525 2109 572 2135 per
590 2099 608 2126 1’
619 2107 739 2136 appunto
753 2109 768 2127 a
780 2109 874 2128 mezzo
893 2100 911 2127 l’
921 2109 946 2127 e-

367 2142 463 2177 pistola
482 2149 616 2177 presente,
635 2152 661 2178 p.
681 2150 738 2177 174,
757 2152 791 2170 rr.
810 2151 905 2177 12-13.

402 2185 541 2220 Riguardo
557 2185 582 2212 al
594 2191 695 2221 tempo,
707 2186 734 2212 in
749 2186 791 2212 cui
805 2185 944 2212 Andreolo

368 2233 508 2263 sottopose
533 2227 558 2254 al
583 2227 612 2255 S.
638 2228 647 2254 i
675 2228 735 2255 suoi
763 2228 852 2260 dubbi,
876 2228 945 2255 siam

368 2279 434 2305 pure
447 2270 535 2297 molto
548 2271 648 2298 incerti.
683 2271 704 2297 11
717 2279 795 2306 passo
807 2270 853 2298 nel
865 2271 944 2306 quale

369 2312 386 2338 il
402 2318 496 2339 nostro
516 2312 626 2339 afferma
642 2313 691 2340 che
703 2313 736 2339 da
750 2313 871 2349 quarant'
882 2313 946 2340 anni

369 2355 394 2381 ei
424 2355 444 2381 s'
469 2363 573 2391 occupa
604 2355 630 2381 di
662 2356 783 2382 ricerche
814 2355 946 2382 letterarie

369 2398 408 2431 (p.
434 2405 489 2431 170,
509 2406 529 2424 r.
543 2398 596 2431 14),
615 2406 644 2424 se
668 2398 693 2424 ci
718 2398 849 2433 persuade
872 2407 887 2424 a
910 2399 945 2424 ri-

370 2445 475 2474 portare
494 2441 580 2475 quest'
590 2440 702 2476 epistola
716 2441 742 2467 ai
753 2441 838 2477 tempi
853 2441 880 2468 di
896 2449 944 2468 sua

991 1932 1151 1959 vecchiezza
1178 1933 1275 1968 (niuno
1302 1932 1388 1960 infatti
1412 1935 1492 1960 vorra
1511 1941 1567 1961 cre—

991 1975 1054 2002 dere
1080 1975 1131 2002 che
1154 1975 1172 2002 il
1196 1976 1224 2002 S.
1250 1975 1328 2002 abbia
1346 1976 1391 2011 qui
1409 1976 1496 2003 imao
1518 1975 1568 2003 rie—

990 2025 1074 2043 vocar
1092 2017 1110 2044 il
1129 2017 1236 2044 ricorde
1260 2017 1302 2044 de’
1313 2018 1370 2044 suoi
1398 2017 1477 2054 primi
1495 2017 1567 2045 studi

991 2061 1017 2086 in
1031 2059 1165 2096 Bologna,
1178 2060 1309 2096 piuttosto
1322 2061 1373 2087 che
1387 2060 1480 2096 quello
1492 2059 1566 2096 degli

991 2102 1054 2129 anni
1077 2102 1120 2129 ne'
1131 2102 1205 2138 quali
1222 2102 1250 2129 di
1268 2103 1406 2138 proposito
1424 2111 1510 2130 aveva
1529 2109 1566 2130 at·

989 2151 1048 2171 teso
1067 2153 1081 2171 a
1107 2144 1229 2172 lavorare
1253 2145 1363 2172 intorno
1383 2153 1398 2171 a
1417 2145 1531 2177 Seneca,
1550 2153 1566 2172 e

990 2187 1048 2214 cioe
1067 2193 1107 2214 tra
1126 2187 1145 2214 il
1167 2195 1231 2223 1355
1249 2187 1281 2214 ed
1297 2187 1316 2214 il
1331 2187 1419 2223 1375).
1431 2195 1496 2222 pure
1508 2195 1564 2214 non

991 2229 1015 2256 ci
1033 2235 1165 2264 permette
1184 2229 1212 2256 di
1233 2229 1350 2256 stabilire
1373 2237 1426 2256 una
1449 2229 1512 2256 data
1530 2229 1567 2256 si·

991 2280 1062 2298 cura.
1100 2272 1243 2299 Stimiamo
1267 2271 1359 2307 quindi
1377 2280 1432 2299 non
1450 2271 1567 2298 allonta-

990 2314 1064 2341 narci
1083 2320 1180 2350 troppo
1198 2313 1243 2341 dal
1261 2323 1325 2341 vero
1349 2314 1521 2349 assegnando
1539 2313 1566 2340 la

991 2363 1114 2392 presente
1134 2357 1187 2383 alla
1209 2357 1327 2384 seconda
1355 2358 1427 2383 meta
1454 2356 1566 2383 dell’ul-

989 2400 1057 2425 timo
1075 2399 1207 2426 decennio
1224 2398 1266 2426 del
1286 2399 1378 2426 secolo
1396 2406 1456 2426 xlv.

1025 2441 1067 2476 (ι)
1088 2440 1131 2468 Cf.
1151 2441 1236 2468 Gerus.
1256 2441 1290 2475 11,
1307 2442 1346 2468 18.

1593 923 1632 947 10

1595 1214 1633 1248 15

1593 1503 1635 1528 20
