1682 2762
78 882 118 906 10

80 1195 114 1228 ¹5

73 1492 116 1516 20

73 1777 113 1811 25

411 239 461 266 D1
494 239 756 268 COLUCCIO
788 240 1055 268 SALUTATI.
1273 233 1334 275 169

146 373 256 396 nonne
275 363 444 407 impletum
467 363 578 398 fuisset
599 365 668 398 sine
692 364 943 399 contradictione
958 366 1104 410 petitum,
1117 366 1143 399 si
1160 365 1238 399 deus
1255 366 1334 410 Hip-

146 420 294 465 polytum
317 421 391 455 illuc
414 421 589 462 detulisset,
606 422 660 456 ubi
684 422 803 456 docent
819 423 972 467 astrologi
988 432 1095 457 totum
1112 424 1188 457 anni
1207 432 1335 467 tempus

145 478 179 512 in
210 479 337 512 unicam
367 488 498 513 noctem
528 489 561 513 et
582 480 715 514 unicum
744 481 830 515 diem
862 493 919 526 per
947 482 1111 515 semestria
1140 480 1335 526 geminanda

146 535 315 580 distingui;
350 548 423 570 cum
455 536 499 571 ibi
527 549 693 582 nunquam
725 538 800 572 solis
830 538 936 572 radius
968 538 1219 583 orthogonaliter
1248 538 1336 572 feriat

146 605 206 627 nec
229 605 247 626 a
266 593 380 628 talibus
397 594 520 639 angulis
536 595 623 640 quod
640 595 751 629 lumen
767 596 842 630 solis
862 605 958 630 terras
982 598 1126 641 attingat,
1150 596 1206 630 sed
1229 596 1335 630 solum

146 663 203 696 per
224 652 330 696 ipsum
354 663 460 686 aerem
484 653 675 686 evanescat?
728 654 928 687 satisfecisset
947 653 1084 694 abunde,
1106 654 1187 687 sicut
1210 654 1335 697 opinor,

145 708 422 754 quandoquidem„
437 710 532 743 tristis
556 710 676 754 Harpie
699 712 800 752 mine,
823 722 897 744 cum
917 711 1036 745 famem
1049 711 1232 745 Troadibus
1254 723 1338 745 nun-

146 767 241 801 ciavit
256 761 506 811 *compulsuram
530 778 586 801 eos
610 767 754 802 ambesas
777 768 870 802 malis
894 767 1059 802 absumere
1082 779 1211 802 mensas
1227 767 1272 809 (¹),
1296 780 1336 802 eo

147 824 338 866 reciderunt,
362 834 409 865 ut,
428 836 503 859 cum

829 891 934 912 vertere
952 893 1059 912 morsus

390 933 525 969 Exiguam
540 933 568 960 in
579 933 706 961 Cererem
719 934 830 970 penuria
844 934 935 969 adegit
946 934 1044 961 edendi

391 981 424 1009 Et
442 982 544 1010 violare
559 991 643 1010 manu
663 982 796 1019 malisque
810 982 958 1010 audacibus
973 982 1066 1010 orbem

390 1031 490 1059 Fatalis
509 1031 599 1065 crusti,
615 1032 712 1067 patulis
726 1040 777 1059 uec
795 1040 904 1068 parcere
919 1031 1027 1068 quadris
1041 1031 1084 1065 (⁸),

148 1132 307 1178 completa
333 1131 450 1168 fuerint
471 1143 538 1167 tam
566 1132 725 1166 horrenda
753 1132 926 1178 responsa?
988 1141 1020 1166 et
1052 1142 1086 1167 ut
1113 1144 1131 1166 a
1155 1132 1268 1166 fabulis
1295 1132 1335 1166 ad

145 1189 315 1234 hystorias,
349 1190 462 1235 quibus
493 1190 575 1224 inest
605 1191 744 1224 veritatis
774 1191 896 1235 opinio,
933 1190 1112 1230 veniamus,
1143 1201 1335 1234 responsum

144 1247 254 1282 habuit
276 1247 450 1292 Philippus,
474 1259 530 1282 rex
550 1247 780 1289 Macedonum,
803 1247 978 1282 Alexandri
997 1257 1084 1292 pater
1107 1247 1170 1288 vel,
1189 1257 1224 1281 ut
1240 1247 1336 1292 aliqui

143 1307 328 1349 retulerunt,
355 1316 502 1352 corrupta
524 1319 581 1351 per
603 1307 701 1341 alium
726 1306 935 1352 Olympiade,
950 1307 1080 1340 vitricus
1091 1306 1138 1347 (Ξ),
1153 1306 1284 1340 taudem
1300 1317 1334 1340 se

143 1366 337 1400 moriturum
360 1377 430 1400 esse
453 1366 625 1411 quadriga;
653 1377 718 1411 quo
742 1375 843 1406 metu,
866 1364 968 1400 fatum
992 1365 1090 1399 veluti
1110 1365 1335 1407 declinaturus,

143 1424 236 1459 iussit
250 1435 307 1468 per
320 1425 506 1458 universum
521 1435 658 1468 reguum
670 1435 766 1458 suum
782 1434 889 1458 currus
913 1423 1003 1457 solvi.
1047 1433 1167 1464 tamen,
1185 1435 1226 1457 ne
1249 1423 1334 1457 falsi-

142 1482 215 1516 tatis
234 1491 455 1516 accusarentur
472 1481 610 1523 oracula,
624 1481 746 1526 gladie,
764 1482 853 1516 cuius
868 1482 901 1515 in
916 1481 1030 1526 capulo
1044 1481 1197 1526 quadriga
1211 1481 1334 1525 sculpta

143 1548 220 1580 erat,
235 1540 358 1574 occisus
373 1550 422 1574 est
435 1540 479 1574 (⁴).
526 1540 659 1574 videsne
682 1551 779 1584 quam
799 1539 878 1574 levis
898 1549 930 1574 et
947 1539 1078 1573 ridicula
1096 1551 1146 1573 res
1159 1538 1258 1573 fidem
1279 1539 1334 1574 de·

143 1597 246 1632 fendit
266 1597 372 1632 traditi
394 1597 453 1632 sub
475 1597 683 1642 ambiguitate
712 1597 882 1642 responsi?
941 1596 1026 1631 unde
1049 1597 1163 1631 volens
1191 1606 1332 1642 optatam

143 1666 176 1691 et
197 1657 395 1692 infallibilem
415 1657 551 1702 gratiam
570 1657 718 1691 Theseus
737 1658 796 1691 tria
816 1666 890 1690 vota
905 1655 1005 1690 tribus
1029 1655 1228 1690 orationibus
1255 1667 1332 1690 con-

142 1715 294 1756 sumavit,
315 1724 410 1759 prout
440 1715 583 1759 superius
614 1714 842 1755 demonstravi,
873 1713 1028 1758 gradatim
1063 1713 1103 1747 de
1134 1713 1268 1756 singulis
1299 1713 1332 1747 in

143 1772 269 1818 singula
283 1771 497 1817 procedendo.
543 1783 630 1812 nam,
645 1773 703 1806 etsi
718 1781 802 1806 recte
822 1771 1018 1806 voluerimus
1037 1772 1165 1812 intueri,
1182 1771 1333 1816 quicquid

142 1830 312 1866 indiffinite
327 1831 576 1876 generaliterque
590 1831 794 1875 promittitur,
807 1830 968 1875 tripliciter
987 1829 1189 1874 adimpletur:
1214 1839 1332 1874 presta-

142 1889 232 1924 tione
246 1889 348 1934 petiti,
363 1897 519 1933 tempore,
538 1887 639 1922 modo
659 1887 825 1932 formaque
851 1886 1011 1932 prestandi
1021 1899 1031 1928 ;
1051 1896 1086 1920 ut
1104 1886 1245 1931 quelibet
1263 1888 1332 1921 voti

143 1947 245 1992 gratia
267 1946 379 1991 triplici
401 1947 500 1991 gratia
525 1945 731 1991 compleatur.
795 1957 834 1979 ex
857 1944 972 1989 quibus
1004 1944 1168 1978 corollarie
1190 1944 1334 1989 sequitur

143 2005 279 2039 unicum
302 2014 429 2045 votum,
453 2015 528 2038 cum
550 2015 594 2044 re,
618 2003 720 2038 modo
741 2013 951 2048 temporeque
973 2003 1074 2048 possit
1098 2012 1132 2036 et
1153 2002 1256 2036 soleat
1278 2013 1333 2035 va-

196 2154 222 2172 4.
239 2146 296 2170 cod.
310 2146 402 2169 sembra
418 2147 518 2176 legger-e
531 2146 661 2169 nbi—nolu·
715 2146 737 2169 Β.
753 2145 808 2169 Cod.
823 2151 948 2168 numere
1006 2150 1039 2168 ιι.
1055 2143 1110 2167 cod.
1124 2143 1241 2172 penuriam

178 2277 222 2314 (ι)
240 2277 284 2305 cf.
301 2278 392 2306 Vuae.
410 2279 475 2306 Aen.
494 2278 540 2310 ΙΙΙ,
560 2285 679 2314 255-57:
797 2271 837 2306 (²)
856 2270 945 2297 VERG·
965 2270 1028 2297 Am·
1046 2268 1106 2300 VII,
1122 2275 1252 2302 ¹¹2·1¹5·

144 2332 185 2353 sa
197 2339 241 2354 m
254 2338 301 2374 m?
315 2333 383 2354 daun
397 2334 486 2361 w
499 2333 606 2355 moenum
618 2333 697 2357 m,
796 2318 839 2353 (3)
859 2317 903 2345 Cf.
922 2317 967 2344 lib.
987 2316 1072 2348 V1111,
1091 2325 1133 2352 ep.
1146 2323 1239 2347 xvnn,
1249 2323 1274 2350 p.
1285 2322 1335 2348 ¹⁴0

143 2366 409 2428 ῒωζῒῖσιϋὴζῶ
422 2401 527 2422 Μ
540 2407 627 2422 mm.
760 2359 1097 2438 delmgrgzex‘tffiebsslgttb.
1106 2401 1149 2428 cit.
1156 2401 1177 2435 1,
1186 2408 1243 2433 vm,
1251 2405 1303 2428 ext.
1309 2408 1333 2436 9.

249 2474 358 2498 σοικειο
372 2474 487 2503 sae-met,
502 2475 544 2498 ιιι.
1208 2462 1252 2489 1¹·

1361 375 1372 388 e
1384 369 1575 416 φιιιίἓᾶιέ-ιιηίἰιπιτ-

1362 402 1383 415 re
1452 403 1459 415 l
1473 402 1494 416 m
1512 402 1576 423 figm-

1361 428 1390 442 uo
1400 429 1407 447 ς

1363 654 1383 674 di
1389 653 1419 674 tal
1425 654 1522 675 numdi
1529 653 1576 674 fatti

1363 682 1375 700 ὲ
1398 680 1454 701 uelle
1464 680 1512 701 deu’

1364 707 1394 728 Ce
1403 713 1444 728 eno
1453 713 1523 735 pruno

1365 734 1424 762 8³50.

1362 1194 1374 1208 e
1394 1187 1465 1208 l'nltro
1485 1188 1513 1208 ri·
1542 1194 1574 1208 ιι·-

1362 1215 1432 1239 dnte,
1447 1220 1483 1235 »ec
1525 1221 1539 1235 ο
1553 1214 1573 1235 le

1362 1242 1435 1266 norit,
1445 1241 1465 1262 1⁸
1477 1246 1543 1262 mom
1553 1242 1573 1262 dl

1362 1267 1442 1315 Ἅρμα
1467 1267 1482 1288 il
1506 1268 1574 1288 Haeo-

1404 1301 1416 1315 e

1387 1601 1436 1622 Nou
1463 1602 1474 1622 ὁ
1502 1602 1571 1630 quamn

1360 1628 1498 1662 improbabile.
1534 1630 1572 1650 :ln

1360 1654 1449 1708 ἐκ,
1463 1656 1571 1704 atala:

1361 1708 1571 1741 gutincomentiae

1359 1735 1458 1788 eda-onrehe
1487 1737 1571 1757 domnn-
