1708 2774
98 945 139 970 10

51 1218 135 1271 ,η

95 1531 138 1557 20

94 1824 134 1858 ²5

96 2110 138 2144 30

443 287 492 315 DI
522 286 788 316 COLUCCIO
820 287 1095 316 SALUTATI.
1328 290 1365 324 13

166 410 279 456 procul
289 410 388 445 dubio
406 411 535 445 sanctis.
580 411 781 456 impossibile
798 411 930 457 quidem
942 421 990 446 est
999 411 1160 446 infinitam
1177 411 1370 454 bonitatem,

166 469 328 504 iusticiam
349 478 384 503 et
400 469 653 504 misericordiam
669 481 705 504 ac
724 471 788 504 Dei
806 470 1050 504 miserationem
1068 470 1220 505 virtuosis
1235 470 1370 512 actibus,

167 526 231 562 hoc
253 537 303 562 est
323 527 358 561 in
380 525 482 561 finem
504 526 649 562 debitum
673 527 838 570 ordinatis,
854 539 922 562 non
945 527 1159 563 allubescere:
1180 529 1250 563 imo
1268 529 1371 573 possi-

165 585 257 620 sibile
278 595 408 631 prorsus
430 596 500 620 non
525 594 574 620 est
605 595 713 620 actum
738 597 809 620 esse
832 587 1026 628 virtuosum,
1050 587 1113 621 nisi
1134 585 1293 632 perfectus
1316 588 1369 628 sit,

165 643 293 689 nisique
314 644 356 678 sit
378 655 418 678 ex
434 643 487 678 illa
502 643 587 678 bona
601 644 754 689 qualitate
771 645 902 685 mentis,
921 656 984 690 qua
1005 654 1092 679 recte
1113 645 1235 680 vivitur
1257 654 1290 680 et
1307 657 1371 691 qua

166 701 275 737 nullus
295 701 382 737 male
405 702 515 744 utitur,
539 714 702 748 quamque
721 703 812 737 Deus
833 703 922 738 solus
944 703 979 737 in
1002 703 1137 738 homine
1156 713 1306 749 operatur
1316 704 1371 747 <¹³3

166 769 203 795 ut
224 759 317 795 fateri
338 760 484 805 oporteat
507 772 583 795 vere
605 761 788 796 virtuosum
809 772 878 796 non
901 773 972 796 ωδε
994 762 1065 796 sine
1089 763 1203 807 gratia,
1220 774 1284 807 que
1299 774 1371 808 gra-

165 829 238 854 tum
262 818 341 854 facit
362 828 397 854 et
418 820 621 854 meritorium
649 819 756 855 reddit
778 830 904 862 actum3
928 822 984 866 qui
1011 830 1111 855 status
1135 830 1194 862 est,
1216 822 1244 855 si
1266 832 1372 856 acces-

165 877 242 912 serit
263 878 509 923 perseverantia,
532 878 602 912 sine
625 877 824 913 dubimione
855 887 1053 913 sanctorum.
1099 878 1156 913 sed
1184 879 1292 914 addis:
1322 881 1371 914 ni·

166 935 294 981 diilque
304 936 459 970 serenius.
505 935 556 970 dic
579 946 699 978 autem,
718 937 766 971 mi
778 935 886 978 sodes,
903 948 945 971 an
957 936 1040 972 adeo
1055 936 1111 971 tibi
1123 949 1236 972 serena
1246 938 1372 973 videtur

165 994 340 1040 esse,·quia
361 993 505 1039 fulgeat?
550 994 615 1029 hoc
629 994 687 1030 tibi
705 993 838 1029 fiirsitau
858 994 1024 1037 videam
1043 996 1112 1030 scio
1130 1005 1241 1031 nmen
1253 996 1285 1031 id
1301 1008 1371 1031 esse

164 1063 357 1098 nonposse3
376 1064 437 1087 nec
455 1051 584 1087 credam
595 1053 640 1087 ita
651 1054 780 1098 penitus
794 1053 1068 1098 impenurbamm,
1079 1053 1170 1099 quod
1184 1065 1202 1088 a
1218 1054 1372 1100 tranquil-

165 1111 253 1146 litate
270 1113 388 1145 mentis
410 1122 524 1146 serena
545 1112 646 1156 possit
668 1111 720 1146 vel
739 1110 854 1146 debat
872 1113 1059 1157 nuncupari.
1106 1112 1167 1147 bec
1178 1122 1212 1147 et
1225 1113 1297 1155 alia,
1308 1125 1371 1158 que

165 1170 275 1205 minus
297 1181 384 1211 vere,
407 1181 449 1204 ne
472 1169 578 1204 dicam
596 1169 812 1215 impudenter,
830 1170 980 1216 loqueris»,
996 1182 1066 1205 non
1083 1170 1235 1206 admiror.
1282 1182 1371 1206 amas

165 1227 317 1274 equidem
335 1237 369 1263 et
385 1228 441 1273 qui
456 1238 566 1263 amant
588 1228 647 1274 ipsi
669 1227 731 1262 sibi
753 1229 883 1263 somnia
897 1228 1091 1274 fingunt<¹>z
1110 1241 1198 1272 nam,
1218 1240 1255 1265 ut
1270 1231 1371 1265 multa

164 1286 291 1329 sileam,
307 1286 386 1322 dicis
401 1296 433 1321 te
450 1298 520 1322 non
543 1287 658 1329 furere,
677 1298 745 1322 non
759 1288 915 1330 insanire3
930 1297 963 1323 et
978 1299 1019 1322 ne
1034 1300 1145 1334 neges,
1161 1297 1269 1323 totum
1286 1300 1371 1324 onus

165 1344 320 1390 probandi
332 1345 431 1380 michi
442 1345 638 1391 relinquens,
650 1346 713 1380 ais:
732 1346 811 1391 quin
827 1346 896 1381 imo
912 1346 1011 1381 mein
1027 1348 1183 1391 gravitate
1199 1347 1371 1389 confinem

164 1402 223 1438 sed
243 1412 394 1439 metuens
407 1404 647 1449 paratissimum
669 1412 786 1439 testem
810 1414 844 1439 et
866 1405 1126 1447 invictissimum,
1141 1404 1270 1440 subdis:
1298 1405 1371 1440 licet

164 1461 283 1507 vulgus
300 1461 342 1497 de
355 1474 409 1497 me
428 1462 519 1497 aliter
536 1461 739 1508 obloquatur.
785 1474 807 1498 ο
821 1473 984 1499 amantem
997 1464 1089 1499 omni
1100 1463 1197 1499 laude
1211 1463 1370 1510 dignum!

165 1587 199 1614 et
220 1578 354 1614 clamet!
400 1579 510 1621 nimis,
529 1590 605 1614 cum
627 1591 679 1615 res
702 1579 854 1615 honestas
869 1591 968 1623 ames,
985 1590 1041 1615 tue
1052 1580 1139 1616 fame
1157 1581 1312 1627 prodigus
1324 1593 1371 1623 es,

164 1637 220 1684 qui
243 1648 311 1672 nou
334 1649 425 1673 curas
447 1637 525 1683 quid
544 1637 585 1672 de
600 1647 633 1672 te
650 1638 790 1684 populus
811 1639 929 1674 sentiat
952 1639 1005 1674 vel
1027 1639 1196 1685 loquatur!
1243 1650 1371 1676 nonest

164 1695 354 1738 vivendum,
371 1695 486 1739 fateor,
513 1696 555 1731 ad
577 1696 699 1732 famam
723 1706 756 1732 et
778 1697 819 1732 ad
842 1698 945 1732 inanis
976 1698 1078 1743 glorie
1109 1698 1249 1740 fumum,
1271 1699 1370 1733 etiam

165 1764 255 1790 actus
276 1754 405 1801 agendo
427 1756 603 1797 virtutum;
618 1755 675 1790 sed
694 1755 793 1802 longe
815 1756 924 1791 minus
946 1755 986 1791 ad
1009 1756 1188 1791 infamiam.
1234 1757 1371 1792 crudelis

165 1821 224 1853 est,
237 1812 342 1859 inquit
365 1813 525 1854 Aurelius,
541 1814 597 1859 qui
620 1813 755 1859 negligit
776 1813 898 1849 famam
913 1826 1006 1849 suam
1021 1814 1068 1849 (¹).
1113 1825 1272 1861 quantum
1290 1826 1370 1860 ergo

164 1869 323 1905 crudelior
343 1880 394 1905 est
414 1872 470 1917 qui
493 1882 561 1906 nou
584 1871 691 1907 solum
709 1873 812 1918 ipsam
835 1873 982 1918 negligit,
1004 1872 1060 1907 sed
1084 1873 1244 1915 obscurat,
1268 1872 1370 1908 inficit

164 1937 197 1964 et
214 1928 319 1964 nouit?
362 1939 431 1964 non
449 1929 606 1965 debemus
624 1939 715 1966 aetus
732 1939 861 1965 nomos
884 1931 917 1966 in
940 1930 1061 1966 famam
1085 1931 1233 1977 dirigere,
1255 1931 1312 1966 sed
1336 1932 1369 1966 in

164 1987 294 2029 Deum;
313 1998 374 2022 nec
387 1996 497 2023 tamen
511 1997 623 2023 contra
637 1987 771 2024 famam.
817 1989 932 2024 melius
949 1999 1007 2032 est,
1024 2000 1060 2024 ut
1075 1999 1208 2025 testatur
1221 1990 1368 2035 Sapiens,
1440 1997 1447 2016 ί

165 2056 288 2080 nomen
308 2045 431 2081 bonum
454 2057 553 2092 quam
577 2056 743 2093 unguenta
769 2048 913 2093 preciosa
932 2048 979 2082 (⁴).
1026 2048 1066 2083 C.
1087 2048 1198 2090 Cesar,
1217 2048 1370 2083 fimdator

165 2103 301 2149 imperii,
328 2105 418 2139 testis
439 2104 615 2150 productus
636 2105 670 2140 in
694 2105 860 2148 Clodium,
882 2106 971 2152 quod
995 2107 1197 2152 Pompeiam,
1222 2106 1368 2141 eiusdem

165 2162 293 2198 Cesaris
311 2174 460 2205 uxorem,
477 2163 560 2198 inter
577 2163 719 2210 publicas
738 2165 930 2200 cerimonias
948 2175 1130 2211 penetrans,
1147 2165 1278 2200 indutus
1297 2177 1368 2200 mu·

221 2280 412 2311 iconum·
478 2282 701 2312 sufflo-0..

199 2378 244 2414 (ι)
259 2377 303 2407 Cf.
314 2386 336 2406 s.
346 2378 420 2407 Auo.
434 2380 476 2408 De
488 2380 531 2408 lib.
543 2381 634 2408 orbib.
647 2380 692 2408 lib.
705 2381 740 2415 Π,
820 2381 864 2417 (3)
884 2382 912 2409 S.
928 2381 1003 2410 Aue.
1027 2382 1114 2410 Semo
1133 2381 1261 2416 OCCLV.
1279 2391 1339 2420 cap.
1359 2391 1368 2411 ι

164 2429 223 2457 cap.
242 2428 301 2453 xxx.
322 2421 355 2458 §S
370 2429 403 2456 50
417 2430 433 2449 e
448 2422 740 2460 5xinopm,1.1268.
786 2424 814 2451 in
831 2424 928 2460 Opera,
942 2429 978 2452 ω.
997 2423 1033 2457 V,
1047 2432 1102 2460 par.
1121 2424 1156 2458 11,
1173 2423 1325 2461 eol.1569.

198 2462 243 2499 (ι)
261 2462 305 2491 CI.
323 2462 413 2492 Vno.
432 2464 492 2493 Bac.
511 2463 586 2498 vm,
605 2465 662 2494 108.
822 2466 864 2501 (4)
883 2466 951 2495 13ch
970 2466 1032 2500 vu,
1052 2474 1077 2494 2.
