1682 2762
117 487 134 508 Ε
149 487 200 508 vuol
213 486 255 514 egli
268 493 304 514 per

91 515 106 535 il
111 514 157 535 ιοῙο
165 519 258 541 :otperto
266 514 304 534 che

91 542 174 562 Punico
183 541 232 561 sini
243 547 304 561 verso

90 569 111 589 di
132 568 162 589 lui
181 568 304 588 rafl'teddno

91 595 258 616 monz-narsen
263 594 273 614 ?

115 666 154 687 Del
160 671 216 687 resto
221 672 245 686 su
251 665 306 693 quali

92 693 220 714 fundamenti
229 693 306 719 poggin

91 726 173 768 {33:3¹⁰
210 724 305 747 cospetto

123 787 171 807 Non
212 786 308 807 confessa

94 814 135 841 egli
150 819 217 834 stesso
232 813 308 833 d'aver

92 847 136 861 sem
153 847 173 860 re
178 845 261 860 trovato
268 839 308 860 Co-

94 868 161 888 luccio
170 872 244 894 promo
251 873 308 887 ner-

93 895 158 919 virlo;

95 962 141 989 quel
152 961 262 986 Coluccio,
271 961 308 981 che

95 990 116 1009 iu
126 994 181 1009 tutu
190 989 210 1009 ln
221 995 258 1008 nun
265 989 309 1009 vit-

95 1016 126 1036 s'e
134 1016 225 1036 studi-to
233 1015 253 1035 di
263 1021 309 1035 ren-

96 1043 149 1063 dei-si
167 1042 217 1063 utile
235 1041 310 1063 alti-ui?

125 1253 192 1274 Come
202 1252 251 1272 vuol
263 1252 313 1272 dun-

112 1286 139 1300 ue
151 1279 255 1300 Giovnnni
271 1285 313 1299 sre-

124 1307 170 1327 redi
177 1306 206 1327 lui
215 1313 255 1326 um
263 1312 313 1326 con

99 1339 158 1354 nutu
177 1333 281 1354 conuul-
295 1332 314 1352 21

100 1367 139 1382 tuo
155 1359 269 1381 cnr-nere?

128 1486 154 1506 Se
172 1490 268 1513 pen-nto
285 1485 315 1513 gli

102 1514 114 1534 ὲ
123 1518 227 1534 ιννειιιηο
235 1513 255 1533 di
269 1519 315 1532 sco-

101 1541 155 1561 vrire
163 1541 183 1560 in
191 1539 219 1560 lui
228 1539 315 1567 qualche

102 1567 220 1587 difetxoehe
226 1566 247 1587 lo
254 1567 316 1587 rend-

102 1594 192 1622 indegno
207 1593 316 1614 dell'afl‘et-

103 1626 126 1641 ιο
173 1620 315 1648 mour-togli,

103 1647 152 1675 guel
165 1648 235 1675 201323

105 1900 139 1914 mn
157 1899 179 1914 se
199 1893 270 1914 inveee
288 1899 318 1913 re-

105 1926 155 1948 puta
171 1920 264 1941 solunte
280 1919 318 1940 che

106 1949 127 1968 in
135 1948 163 1968 lui
172 1948 203 1967 sin
211 1947 318 1967 diminuit:

105 1974 215 1995 l'nmicizi·
225 1981 236 1994 e
251 1974 270 1994 ln
284 1974 319 1993 be-

105 2001 218 2022 nevoleuu
235 2001 272 2021 che
305 2000 319 2020 li

106 2028 132 2048 ha
141 2035 184 2048 sem
200 2035 222 2048 re
234 2007 319 2048 munige-

106 2060 168 2080 sutn,
208 2055 228 2075 in
242 2061 318 2075 errore.

332 250 396 283 510
763 247 1103 275 EPISTOLARIO

333 374 472 414 duceret,
501 373 544 415 id,
569 383 604 407 ut
628 373 888 415 criminabantur,
913 374 1112 408 Xenocrates
1142 385 1308 418 nunquam
1336 373 1534 418 protulisset3

331 432 445 466 volens
460 431 633 465 verborum
651 432 803 465 iniuriam
820 432 927 476 potius
942 431 1110 466 tolerando
1123 433 1284 466 remittere
1298 443 1395 476 quam
1411 441 1538 477 ceptam

332 490 512 523 amiciciam
532 489 723 523 lacerare(·>.
771 499 803 524 et
822 499 856 523 tu
877 502 917 523 ex
937 501 976 524 eo
995 490 1083 535 quod
1103 490 1293 535 cogitaveris
1313 491 1451 524 amicum
1469 501 1537 524 non

332 549 517 582 iniuriatum
534 560 613 590 esse,
627 548 682 582 sed
699 549 731 582 in
745 547 854 583 officio
874 550 1023 594 tepuisse,
1037 549 1155 594 pedem
1173 549 1306 583 retrahis
1325 558 1357 583 et
1375 549 1408 583 in
1431 560 1539 582 arcem

333 605 513 641 solitudinis
526 615 557 640 te
572 606 731 648 recondis,
745 618 844 651 quam
856 618 984 652 semper
999 619 1147 642 curarum
1162 608 1332 648 nutricem,
1345 619 1412 641 non
1428 605 1538 652 expul-

334 664 446 698 tricem
460 676 528 698 esse
546 665 711 709 cognovi?
744 665 801 699 sed
816 664 855 698 ad
870 674 902 699 te
914 665 1054 700 redeam.
1090 665 1177 699 unde
1189 666 1346 710 presumis
1362 659 1415 699 me
1429 664 1538 699 officio

335 722 501 756 defuisse?
558 722 702 767 nunquid
727 723 882 757 hactenus
913 735 966 757 me
997 723 1103 758 vidisti
1130 733 1261 758 tuorum
1291 723 1456 757 honorum
1485 731 1540 757 aut

335 781 502 815 commodi
527 793 594 815 non
619 780 893 816 ferventissimum
916 782 1164 827 promotorem?
1209 783 1271 816 hoc
1295 792 1363 816 tute
1382 782 1448 827 ipse
1473 793 1538 816 non

336 839 446 881 obicis,
462 839 518 872 sed
538 840 733 874 contrarium
748 839 915 884 profiteris.
963 852 1023 874 nec
1035 850 1147 885 putem
1158 850 1201 882 te,
1220 841 1294 875 licet
1306 840 1404 874 lustra
1420 852 1541 874 novem

336 897 444 932 forsan
468 898 640 932 excesseris
661 908 756 943 atque
773 911 847 932 cum
872 898 980 932 multis
995 901 1206 933 'conversatus
1225 900 1280 941 sis,
1300 899 1395 933 fueris
1414 908 1447 934 et
1459 898 1542 932 mul-

336 957 456 990 totiens
480 956 600 990 multos
625 967 783 1002 expertuS,
809 957 848 991 ad
867 957 1074 991 serviendum
1094 969 1147 991 me
1167 957 1375 991 decliviorem
1398 968 1465 991 non
1484 956 1542 991 tibi

338 1014 456 1056 solum,
480 1027 548 1049 non
573 1015 695 1057 amicis,
719 1027 786 1049 non
811 1015 997 1060 simpliciter
1020 1017 1117 1057 notis,
1141 1015 1198 1050 sed
1228 1015 1349 1060 ignotis
1372 1016 1471 1050 etiam
1493 1025 1542 1049 re-

338 1074 467 1118 perisse,
480 1083 515 1108 ut
528 1084 638 1108 contra
654 1084 743 1109 tuam
755 1074 1025 1119 imaginationem
1037 1083 1099 1108 stet
1110 1075 1319 1119 experientia,
1327 1083 1389 1108 stet
1403 1083 1436 1108 et
1444 1074 1543 1108 totius

340 1132 405 1166 vite
424 1144 498 1166 mee
518 1132 730 1174 consuetudo,
754 1139 859 1177 queve
882 1133 983 1166 nimia
1008 1144 1083 1167 cum
1102 1132 1287 1167 difficultate
1307 1132 1463 1167 deseritur
1481 1141 1544 1167 stet

340 1190 408 1235 ipsa
423 1200 546 1231 natura,
566 1203 628 1236 que
647 1202 712 1232 me,
727 1191 856 1236 qualem
875 1200 909 1225 tu
925 1191 992 1236 ipse
1009 1191 1191 1236 cognoscis,
1211 1191 1371 1225 amicabili
1391 1190 1544 1235 produxit

340 1249 485 1293 ingenio.
533 1258 565 1283 et
593 1259 627 1283 tu
656 1249 756 1283 credis
783 1249 851 1283 sive
879 1249 964 1284 credi
988 1251 1035 1284 vis
1055 1249 1095 1284 de
1116 1262 1170 1284 me
1193 1249 1237 1291 id,
1262 1250 1312 1283 cui
1335 1261 1454 1291 mores,
1479 1249 1545 1283 vita

340 1317 408 1341 tota
431 1317 606 1352 naturaque
629 1317 788 1353 repugnat
807 1308 905 1341 mea?
949 1319 1079 1352 possem
1103 1308 1155 1342 hic
1178 1318 1209 1342 te
1233 1308 1421 1342 iniuriarum
1447 1307 1544 1341 ratio-

341 1365 489 1400 nabiliter
512 1366 683 1407 criminari,
707 1366 763 1411 qui
782 1377 840 1400 tuo
856 1366 977 1400 scilicet
995 1367 1144 1411 imponas
1164 1366 1270 1400 amico
1289 1365 1377 1411 quod
1395 1377 1456 1400 nec
1470 1365 1547 1399 fecit

342 1436 401 1457 nec
418 1424 516 1458 etiam
536 1424 704 1469 cogitavit;
721 1436 834 1458 verum
857 1424 889 1458 id
914 1425 1056 1458 Platonis
1081 1425 1231 1469 exemplo
1245 1425 1416 1459 remissum
1435 1423 1544 1458 velim.

342 1482 430 1527 quod
453 1482 479 1515 si
503 1494 542 1516 ex
567 1494 607 1516 eo
622 1482 710 1527 quod
734 1493 839 1527 preter
863 1484 1104 1517 estimationem
1123 1493 1212 1517 tuam
1237 1483 1268 1517 in
1296 1483 1377 1517 meis
1401 1482 1546 1516 moribus

344 1540 462 1585 aliquid
474 1541 612 1586 eruperit
624 1550 718 1586 atque
731 1541 894 1575 detectum
907 1542 956 1583 sit,
971 1553 1037 1586 quo
1051 1553 1103 1575 me
1117 1541 1237 1576 iudices
1249 1541 1422 1586 indignum
1435 1540 1546 1580 amari,

344 1609 453 1634 motus
477 1612 521 1641 es,
545 1601 620 1635 licet
653 1611 684 1634 te
707 1610 812 1645 preter
835 1612 933 1645 quam
961 1600 1159 1645 displicentia
1193 1612 1261 1634 non
1285 1599 1470 1641 offenderit3
1498 1610 1549 1633 re-

344 1660 433 1694 trahe
457 1659 585 1704 pedem,
610 1668 644 1693 ut
668 1658 762 1700 libet;
788 1668 819 1693 te
843 1658 975 1704 quidem
999 1660 1168 1693 nolentem
1191 1660 1225 1692 in
1249 1659 1395 1693 amicicia
1414 1670 1482 1693 non
1499 1667 1548 1692 te-

341 1718 438 1752 nebo.
497 1718 591 1762 cupio
617 1727 726 1752 tamen
749 1717 782 1752 id
805 1718 896 1759 scire,
921 1729 986 1762 quo
1012 1718 1169 1762 corrigar3
1194 1718 1289 1762 cupio
1314 1726 1350 1751 ut
1379 1716 1479 1751 michi
1515 1716 1549 1750 id

343 1777 474 1822 aperias,
498 1785 534 1810 ut
567 1785 752 1810 restaurem.
810 1777 835 1810 si
868 1787 921 1810 me
957 1775 1072 1821 diligis,
1104 1785 1140 1810 ut
1167 1776 1302 1832 testaris,
1332 1775 1366 1809 id
1397 1774 1548 1816 declares,

343 1834 492 1876 obsecr-03
516 1834 598 1868 forte
618 1834 721 1868 taliter
740 1845 793 1868 me
825 1845 1033 1878 componam,
1056 1833 1145 1879 quod
1168 1833 1286 1878 dignus
1310 1832 1430 1867 efficiar
1446 1844 1546 1878 quem

343 1893 413 1938 quis
437 1902 534 1926 amet.
580 1892 668 1937 quod
692 1893 728 1934 si,
749 1903 784 1927 ut
803 1891 843 1926 ad
862 1892 895 1926 id
911 1892 1040 1926 redeam
1059 1892 1148 1937 quod
1167 1893 1281 1937 incepi,
1300 1903 1370 1926 non
1389 1891 1447 1926 tibi
1467 1902 1549 1926 con·

344 1951 426 1996 tigit,
441 1950 497 1984 sed
513 1950 611 1984 michi
627 1960 718 1995 putas
743 1951 928 1995 contigisse,
945 1950 1034 1995 quod
1053 1959 1108 1985 tua
1131 1950 1229 1984 michi
1245 1949 1392 1984 videatur
1407 1949 1547 1984 familia·

344 2010 417 2043 ritas
434 2008 608 2043 iniocunda
627 2009 818 2053 solitamque
835 2008 1088 2042 benivolentiam
1104 2008 1246 2050 desiisse,
1260 2020 1324 2054 qua
1342 2018 1374 2043 te
1393 2008 1547 2053 amplecti

345 2067 499 2110 solebam,
524 2067 611 2112 quod
645 2067 743 2102 michi
766 2067 835 2101 talis
859 2068 1022 2102 incesserit
1052 2068 1185 2112 suspitio
1216 2077 1251 2102 tu
1275 2066 1366 2101 vides
1390 2066 1549 2109 forsitan;

403 2183 421 2200 1.
435 2175 465 2198 1)
480 2175 643 2198 criminabatur
715 2182 736 2198 a.
751 2174 785 2198 N²
800 2175 924 2198 tolleranda
991 2183 1018 2203 4.
1033 2175 1070 2198 Me
1084 2175 1204 2198 iniuratum
1275 2181 1308 2198 n.
1323 2174 1354 2197 1)
1363 2175 1400 2197 Me
1414 2174 1495 2197 decliv-
1511 2180 1548 2197 me

350 2222 384 2245 ¹3-
401 2215 438 2237 Me
451 2218 537 2237 omette
550 2219 572 2237 et
629 2221 666 2243 ¹4·
683 2213 716 2238 N¹
731 2217 816 2237 omeue
829 2221 882 2237 cum
939 2221 974 2243 ¹5·
990 2213 1024 2237 N¹
1039 2217 1125 2236 omeue
1139 2221 1175 2236 me
1233 2214 1268 2237 16.
1284 2212 1318 2236 ΝῘ
1331 2219 1377 2243 per
1390 2212 1452 2235 credi
1467 2211 1503 2235 vis
1516 2211 1550 2234 dd

347 2255 374 2278 dn·
386 2262 460 2279 nuovo
473 2255 546 2278 credis
609 2262 644 2284 ¹7-
660 2254 692 2278 N¹
708 2262 757 2277 mea
771 2262 819 2284 rep.
882 2261 916 2277 ιι.
932 2255 969 2278 Me
982 2255 1044 2284 quod
1082 2254 1115 2277 N¹
1130 2261 1175 2277 nm.
1191 2254 1238 2277 ind.
1293 2260 1327 2277 aa.
1343 2252 1378 2276 N¹
1394 2254 1420 2275 in
1434 2254 1509 2282 luogo
1523 2252 1552 2275 di

348 2300 429 2323 quam,
444 2294 487 2316 che
501 2296 595 2323 omette,
610 2294 641 2316 dd
656 2298 678 2316 et
741 2300 779 2322 ²4.
794 2292 824 2316 1)
834 2293 871 2316 Me
888 2293 1001 2322 corrignm
1019 2300 1032 2315 e
1045 2293 1070 2315 in
1084 2294 1159 2322 luogo
1173 2293 1199 2315 du·
1215 2296 1241 2315 ut
1260 2292 1333 2315 michi
1352 2291 1432 2314 aduno
1446 2291 1551 2314 nonanto

347 2333 410 2362 quod
465 2340 546 2364 29-30.
559 2333 590 2356 1.³
605 2333 704 2356 solebam
718 2333 786 2362 nmpl.
816 2333 853 2356 Me
862 2333 964 2355 volebam
978 2333 1045 2361 ampl.
1102 2339 1141 2362 ³⁰-
1158 2333 1195 2355 Me
1208 2331 1303 2355 incenit

383 2426 426 2461 (ι)
446 2425 489 2454 Cf.
508 2425 578 2454 VAL.
598 2426 675 2454 MAx.
691 2435 735 2461 op.
752 2427 796 2454 cit.
812 2426 860 2459 lv,
879 2434 898 2459 1,
917 2432 970 2454 ext.
990 2434 1020 2453 2.

1573 908 1619 941 ¹9.

1575 1199 1612 1233 15

1573 1491 1617 1515 20

1575 1783 1617 1815 25

1578 2075 1620 2108 30
