1696 2782
144 412 212 432 Provs
220 411 253 438 git
259 410 326 430 difnxti

119 445 160 459 non
169 444 236 458 essere
242 437 327 464 quess'n-

118 472 174 485 more
183 469 227 484 auo
235 463 327 484 derivan-

118 497 138 512 te
147 492 172 511 dn
182 491 252 511 alcum
261 491 321 514 vinu,

119 643 144 661 ιιὲ
163 640 237 668 potersi
259 639 326 667 quiudi

119 667 189 688 definit
202 668 304 690 vinuoso3

120 1215 330 1263 Eil‘sshfflssdffii

120 1269 194 1296 d'ogni
218 1275 254 1288 sun
275 1268 329 1288 lode-

121 1296 168 1316 vole
178 1296 249 1315 niune
258 1300 330 1322 quesn

121 1329 158 1342 sun
178 1322 272 1349 passione
295 1328 331 1348 per

121 1349 233 1370 Giovanm.

151 1794 181 1815 Or
207 1801 265 1815 come
292 1795 333 1821 pub

125 1822 188 1842 costei
202 1828 248 1842 aver
261 1821 333 1841 esen-ci-

113 1853 168 1868 ·tnto
191 1847 219 1868 tal
242 1848 333 1868 benefico

126 1874 210 1895 influsso
219 1881 243 1894 su
257 1875 277 1894 di
287 1874 315 1894 lui
323 1874 333 1894 ἲ

151 1901 199 1921 Nun
213 1906 269 1921 certo
281 1900 334 1921 coll·

125 1927 233 1952 ‹inuria-3
261 1928 333 1954 poiche

127 1954 158 1974 ehi
172 1955 231 1975 verri
249 1961 333 1981 pango-

127 1981 181 2000 ιιι-1·
205 1981 243 2000 :lle
265 1981 334 2001 donne

127 2007 199 2027 illumi
225 2007 272 2027 dell'
283 2008 334 2027 nnti-

127 2034 188 2058 chiss,
197 2034 234 2054 ulle
245 2035 276 2061 pie
286 2035 336 2054 ami-

126 2060 162 2080 ehe
181 2061 201 2080 di
215 2067 231 2080 s.
250 2060 334 2081 Gemi·-

127 2093 170 2111 mo,

352 283 394 315 42
768 272 1115 302 EPISTOLARIO

355 409 482 434 cunctas
505 408 668 432 excurrere
692 397 847 429 veritates.
894 394 1027 438 probavi
1047 394 1129 427 hanc
1152 402 1242 427 tuam
1261 394 1457 437 passionem,
1476 393 1544 427 sive

355 469 497 492 amorem
528 455 592 489 sive
622 454 827 488 dilectionem
857 463 964 492 voces,
997 452 1113 486 nullius
1145 464 1184 485 ex
1214 460 1353 496 quatuor
1378 451 1544 485 virtutibus

355 525 460 550 actum
485 525 552 547 esse
562 513 604 546 (¹).
652 511 821 555 responde,
837 512 862 544 si
879 510 991 554 placet,
1008 510 1058 543 vel
1075 509 1114 543 ad
1129 510 1259 544 unicam
1275 509 1452 543 rationem:
1476 521 1544 544 non

354 583 453 618 puteS‚
474 572 545 605 licet
565 579 657 614 caput
676 570 828 610 excutias,
851 577 917 602 tam
942 568 1023 602 clare
1047 578 1178 612 tamque
1195 567 1300 602 valide
1319 567 1545 612 disputationis

354 632 484 675 laqueos
508 628 665 673 effugisse.
712 639 772 661 nec
795 627 933 667 credam,
957 627 1093 671 quanvis
1117 637 1210 659 amor
1234 626 1286 659 ille
1313 635 1344 660 te
1368 626 1545 670 plurimum

355 687 561 726 obcecaverit‚
578 685 658 719 adeo
678 694 709 719 te
734 685 884 729 desipere,
904 685 992 729 quod
1011 685 1164 718 virtutem
1183 695 1281 718 voces
1300 695 1406 717 amare
1427 684 1545 718 Iohan-

355 758 428 779 nam
452 754 539 778 tuam
561 744 610 777 vel
635 755 682 783 ea,
704 755 777 777 cum
800 743 888 776 illam
908 742 1034 786 videqis,
1052 742 1210 776 delectari.
1259 752 1348 776 actus
1369 743 1456 776 enim
1470 751 1546 776 sunt

354 805 422 844 ista,
445 813 511 835 non
531 801 667 841 habitus,
692 810 723 834 et
743 809 841 841 actuS,
865 809 900 834 ut
916 799 1052 841 ostendi,
1076 800 1131 844 qui
1150 812 1211 834 nec
1231 812 1271 833 ex
1295 800 1411 834 virtute
1430 811 1546 844 prove-

354 863 442 894 niant
454 870 484 893 et
499 859 720 899 informentur,
736 870 795 892 nec
812 859 843 891 in
859 859 1007 892 virtutem
1025 858 1163 902 aliquam
1177 858 1376 892 ordinentur.
1415 859 1442 891 si
1458 858 1547 892 enim

355 919 452 952 virtus
464 927 517 951 aut
532 918 710 950 virtuosum
727 925 843 956 essent,
857 916 895 950 ad
911 916 1066 956 medium,
1079 928 1146 950 non
1163 916 1203 950 ad
1217 928 1384 950 summum
1400 926 1432 950 et
1447 925 1548 950 exne-

355 988 445 1010 mum
463 975 549 1016 illud,
566 975 652 1019 quod
671 974 775 1008 fateris
799 983 831 1008 et
851 974 934 1008 credi
954 975 1014 1016 vis,
1035 974 1233 1009 accederent.
1279 974 1336 1008 sed
1353 974 1454 1008 dices:
1479 986 1548 1015 cur,

354 1036 379 1068 si
403 1044 468 1068 tam
487 1045 595 1067 veram
619 1044 748 1067 causam
771 1033 873 1073 foves,
890 1033 929 1067 ad
953 1044 1026 1067 mea
1046 1033 1097 1067 vel
1121 1033 1235 1067 leviter
1258 1045 1324 1067 non
1347 1032 1548 1078 respondes?

354 1092 523 1126 retribuam
547 1091 585 1125 ad
609 1092 667 1125 hec
689 1091 782 1135 plane
802 1091 889 1136 quod
912 1092 1031 1138 sentio:
1055 1092 1141 1136 quia,
1162 1103 1236 1125 cum
1261 1092 1363 1126 multa
1385 1091 1484 1132 dicas,
1502 1090 1550 1126 nil

355 1160 462 1184 tamen
482 1149 605 1194 probas.
652 1151 718 1183 imo
741 1149 922 1194 replicabis:
948 1151 1070 1194 optime
1093 1150 1226 1194 probavi
1241 1150 1329 1194 quod
1348 1150 1436 1184 volo.
1482 1149 1549 1184 dixi

356 1208 500 1252 quidem:
522 1208 583 1241 hoc
599 1207 769 1241 visceribus
786 1208 865 1241 meis
884 1209 1016 1242 insitum
1036 1218 1101 1249 est;
1125 1209 1295 1242 dominam
1315 1219 1434 1249 meam,
1449 1219 1549 1253 quam

358 1266 454 1299 michi
478 1265 580 1299 solam
603 1266 716 1299 virtute
748 1265 819 1307 feci,
842 1278 944 1310 usque
968 1266 1007 1299 ad
1031 1275 1174 1300 extrema
1197 1267 1324 1301 sincero
1351 1276 1384 1300 et
1406 1265 1549 1311 perfecto

359 1335 468 1357 amore
491 1323 630 1368 diligere.
674 1324 740 1367 ipsa
763 1333 811 1357 est
832 1335 895 1368 que
919 1325 959 1358 de
978 1336 1123 1359 errorum
1139 1334 1250 1359 centro
1270 1337 1324 1358 me
1345 1324 1495 1369 perduxit
1510 1323 1551 1359 ad

357 1381 479 1422 lucem;
503 1381 541 1414 de
560 1381 754 1426 negligentia
776 1382 809 1415 in
832 1382 1017 1423 sollertiam,
1041 1383 1081 1417 de
1106 1384 1242 1417 avaricia
1261 1383 1294 1416 in
1318 1382 1550 1423 liberalitatem,

358 1439 397 1472 de
417 1439 495 1473 duro
519 1448 549 1472 et
574 1451 683 1483 aspero
698 1440 730 1473 in
747 1440 904 1474 humilem
920 1450 952 1475 et
968 1441 1160 1486 benignum,
1178 1441 1219 1476 de
1232 1441 1407 1475 immorato
1426 1441 1459 1475 in
1477 1452 1550 1475 mo-

358 1506 471 1538 ratum,
484 1497 523 1531 de
539 1497 710 1532 inhonesto
726 1498 764 1532 ad
778 1508 886 1532 actum
899 1499 1076 1534 honestatis
1089 1501 1222 1534 invexit.
1258 1500 1326 1545 ipsa
1346 1509 1394 1534 est
1409 1511 1472 1545 que
1487 1500 1551 1544 spi-

358 1556 433 1588 ritus
456 1555 554 1588 michi
576 1564 662 1589 tenet
687 1556 724 1589 ab
744 1557 834 1590 omni
858 1557 928 1591 labe
952 1566 1109 1598 semotos,
1132 1557 1330 1592 iocunditate
1358 1556 1494 1592 refertos
1519 1566 1552 1591 et

358 1614 390 1646 in
413 1613 526 1657 quibus
549 1614 592 1647 nil
616 1613 699 1648 cadit
718 1615 853 1648 adversi.
900 1615 959 1649 hec
978 1615 1075 1649 verba
1094 1625 1149 1650 tua
1168 1624 1253 1657 sunt,
1269 1627 1331 1661 que
1346 1626 1445 1660 quam
1461 1626 1552 1650 com-

357 1671 459 1715 posite
482 1682 641 1716 quamque
661 1684 734 1706 vere
750 1672 866 1706 dixeris
886 1682 920 1707 tu
942 1673 1063 1708 videto.
1109 1674 1198 1719 quod
1217 1683 1326 1708 autern
1343 1673 1383 1708 ad
1398 1685 1468 1708 rem
1483 1685 1552 1708 non

359 1728 484 1770 faciant,
508 1729 579 1764 licet
607 1732 792 1775 oppositum
816 1731 871 1765 tibi
896 1732 1004 1766 forsan
1034 1732 1215 1773 blandiaris,
1249 1733 1354 1778 plane,
1381 1734 1415 1767 ni
1448 1732 1552 1777 fallor,

361 1787 538 1821 ostendam.
587 1790 613 1822 si
632 1789 777 1823 Iohanna
796 1800 827 1824 te
842 1790 938 1824 talem
952 1791 1037 1832 fecit,
1057 1791 1107 1825 dic
1124 1791 1233 1833 michi,
1250 1790 1311 1825 fuit
1329 1791 1392 1825 hoc
1407 1790 1552 1826 doctrina

361 1845 411 1878 vel
425 1845 595 1890 exemplo?
638 1859 705 1880 non
722 1847 879 1890 doctrina3
900 1860 967 1883 non
984 1850 1071 1883 enim
1087 1859 1135 1884 est
1151 1849 1211 1884 hec
1229 1850 1373 1884 mascula
1384 1849 1494 1895 Sapho
1505 1849 1552 1891 (⁸),

360 1914 454 1946 quarn
479 1915 545 1937 non
569 1914 763 1948 postremam
796 1907 878 1940 inter
900 1916 1013 1952 poetas
1038 1908 1154 1942 Grecia
1177 1909 1376 1949 numeravit;
1405 1919 1474 1942 non
1503 1916 1552 1943 est

361 1960 464 2005 aliqua
482 1962 685 2005 Sibyllarum,
708 1975 785 2008 quas
802 1964 1003 1999 doctissimas
1019 1966 1233 2011 antiquissimi
1248 1975 1463 2011 putaverunt;
1483 1977 1552 2000 non

361 2019 557 2053 sanctissima
586 2021 755 2055 mulierum
785 2023 1008 2065 Eustochium,
1032 2035 1130 2069 quam
1158 2034 1319 2059 tantarum
1350 2036 1459 2058 rerum
1481 2033 1553 2059 tum

361 2077 530 2120 scriptione
553 2086 622 2111 tum
654 2079 866 2123 disputatione
891 2081 1113 2125 Hieronymus
1137 2082 1287 2127 dignatus
1310 2091 1377 2124 eeu
1401 2094 1468 2116 non
1492 2083 1552 2116 Fa-

362 2133 444 2167 biola
471 2134 522 2168 vel
548 2136 656 2177 Paula,
680 2148 747 2171 non
778 2138 927 2173 Marcella
951 2140 1002 2174 vel
1026 2141 1139 2182 Furia;
1163 2152 1231 2175 non
1255 2140 1317 2174 alia
1339 2141 1493 2185 quepiam
1515 2140 1554 2174 il-

360 2190 472 2233 larum,
490 2204 567 2237 quas
590 2193 674 2228 idem
696 2195 809 2230 doctor
831 2209 899 2231 non
924 2198 1031 2232 solum
1051 2199 1202 2243 epistolis,
1217 2198 1276 2233 sed
1290 2210 1453 2233 sacrarum
1471 2198 1553 2233 litoe-

359 2260 464 2283 rarum
488 2252 750 2295 expositionibus,
774 2255 844 2288 imo
867 2257 1110 2300 expositionum
1133 2257 1366 2298 voluminibus,
1389 2256 1498 2292 crebre
1520 2265 1554 2290 et

410 2354 432 2377 6.
447 2355 501 2378 Cod-
515 2356 618 2386 decipere
675 2365 749 2387 ¹940.
764 2360 821 2383 Cod.
835 2363 919 2384 omene
933 2361 956 2384 in
970 2362 1069 2391 dinanzi
1079 2369 1095 2384 a
1110 2367 1224 2386 moratum

395 2443 435 2478 (1)
454 2444 496 2471 Cf.
515 2454 557 2481 ep.
572 2454 604 2474 111
616 2446 643 2474 di
658 2454 754 2483 questo
770 2449 847 2483 libro,
863 2459 888 2486 p.
906 2458 948 2487 29.
1017 2452 1058 2486 (2)
1078 2451 1122 2479 Cf.
1143 2452 1256 2480 noun.
1276 2453 1325 2488 Ep.
1343 2452 1365 2485 Ι,
1383 2459 1444 2485 xxx,
1463 2451 1507 2478 28-

1579 924 1619 948 10

1582 1215 1618 1249 ¹5

1579 1511 1623 1536 20

1579 1797 1622 1832 25

1581 2093 1624 2127 30
