1682 2762
79 382 105 402 ed
127 381 246 402 nbbraeciu
265 381 295 401 in-

80 415 131 430 vece
154 408 217 436 quelli
242 408 295 428 dell·

80 436 166 462 ragione
189 435 244 462 dopo
266 441 294 455 uu

79 469 155 482 sereno
169 468 246 486 eume,
257 462 294 482 che

79 490 130 516 pero
144 496 187 509 non
201 489 237 509 dee
250 489 294 509 isti-

80 517 139 536 ruini
163 521 242 536 mentre
264 515 294 542 gli

79 543 145 563 inimi
165 543 293 570 prevnlgono

80 576 91 590 e
100 570 246 596 scouvolgono
257 569 294 589 l'a-

80 597 145 621 nimo,
165 597 249 624 gincche
266 596 294 616 nl-

80 623 124 644 lorn
131 628 205 650 questo
214 624 225 643 ὲ
231 623 293 643 sorde

80 650 120 670 nlla
126 656 180 670 voce
187 650 241 670 della
248 650 293 677 giu·

79 677 293 698 niziaeden’onem.

106 1017 138 1038 Or
149 1019 208 1045 pensi
219 1017 260 1045 egli
270 1024 292 1038 se

79 1050 156 1072 quanto
166 1045 195 1072 gli
210 1045 232 1065 fu
245 1045 292 1065 rife-

79 1073 128 1097 τίω,
166 1077 199 1092 sto
214 1072 252 1092 che
266 1072 292 1092 ri-

79 1106 131 1126 spon
168 1098 187 1119 nl
197 1105 254 1122 vero.
262 1099 292 1119 sin

79 1126 120 1146 mle
141 1126 166 1145 da
185 1126 266 1146 indui-lo
280 1132 292 1145 n

79 1159 172 1180 spezznre
191 1154 196 1173 i
213 1152 292 1173 vinculi

79 1179 112 1200 del
122 1179 169 1200 loro
177 1179 249 1199 affetto
257 1186 292 1199 an-

79 1207 130 1230 tico,
142 1213 154 1226 ι
176 1207 250 1227 rivnrlo
259 1206 291 1226 de'

79 1233 126 1254 suoi
132 1240 157 1254 co
168 1233 292 1261 loqui‚delle

79 1266 116 1280 sue
134 1261 200 1285 visite,
216 1267 228 1280 ι
259 1267 292 1280 or-

79 1286 293 1346 {23⁸¹gffiessf32531

80 1347 173 1368 eseguire
188 1341 208 1361 l·
225 1341 292 1368 copis.

107 1487 150 1508 Son
163 1488 231 1515 questi
241 1488 248 1507 i
258 1487 293 1508 do-

79 1515 123 1535 veri
139 1515 159 1535 di
175 1514 294 1542 queil'ami-

80 1542 138 1566 cini..
159 1541 212 1561 den·
234 1541 294 1568 quale

81 1569 99 1589 si
121 1574 183 1589 unu
206 1569 224 1588 si
249 1568 294 1589 diu-

81 1600 143 1623 gente
157 1595 244 1620 cultore,

80 1723 94 1738 ο
121 1722 163 1737 non
190 1717 294 1744 piuttosto

81 1744 118 1771 .ςεί
128 1744 189 1771 degni
201 1744 221 1764 di
231 1744 264 1764 chi
275 1743 295 1764 1-

81 1775 143 1797 tengn
151 1771 172 1791 in
181 1777 224 1791 nou
235 1771 277 1791 cale
283 1771 293 1791 ἶ

106 1948 138 1970 Re
153 1949 228 1970 lichenl
245 1949 294 1970 Gio—

80 1983 120 1996 vnn
163 1977 201 1997 che
219 1976 238 1997 11
257 1983 294 1997 aua

81 2003 210 2024 condonas-1
233 2011 294 2024 rovo—

81 2036 126 2050 cn·
139 2030 171 2050 dal
186 2037 209 2051 ve
224 2038 245 2051 er
255 2031 293 2051 che

79 2057 294 2106 misisti-‘¹21

79 2115 156 2131 venun
177 2118 238 2131 meno
258 2112 292 2132 ne'

79 2138 171 2165 rapporti
185 2138 240 2163 loro,

334 242 398 285 508
762 247 1100 275 EPISTOLARIO

323 375 370 409 illi
396 374 624 419 suggesserint,
641 373 728 407 velut
750 373 783 406 in
807 382 930 412 senatu,
944 373 1116 406 contrarias
1140 373 1173 406 in
1192 381 1296 416 partes
1320 371 1526 417 disceptando

324 433 484 467 discutere
503 441 535 466 et
549 431 637 476 quod
651 442 726 465 vera
741 431 930 475 persuaserit
944 431 1024 464 ratio
1039 431 1139 475 sequi.
1186 442 1246 465 nec
1260 440 1369 464 tamen
1389 442 1526 465 examen

324 491 387 525 hoc
408 502 568 525 assumere
589 489 755 531 debemus,
770 501 845 523 cum
865 490 1021 534 appetitus
1041 489 1183 530 effervet,
1198 500 1272 523 cum
1292 498 1396 524 estuat
1409 490 1526 534 passio,

323 560 399 583 cum
421 558 571 583 motuum
594 548 724 582 illorum
747 547 904 581 tumultus
927 548 1057 581 instant.
1116 558 1183 581 non
1207 557 1255 581 est
1277 557 1355 582 tunc
1377 548 1459 581 ratio
1477 547 1527 582 sui

321 618 475 651 compos;
506 616 620 641 cuncta
639 616 716 640 tunc
745 605 879 647 turbida,
899 618 960 639 nec
989 606 1107 650 agitata
1132 606 1250 648 solum,
1275 606 1331 640 sed
1355 606 1524 652 agitantia3

321 675 356 700 ut
375 675 453 699 tunc
468 678 535 699 non
555 666 655 710 possit
673 675 798 699 rectum
815 664 931 710 aliquid
947 677 1041 699 mens
1055 665 1200 699 invenire
1219 665 1271 699 vel
1290 665 1329 698 ab
1347 674 1435 700 extra
1454 676 1524 710 per·-

321 725 439 769 cipere‚
463 735 524 757 nec
553 725 623 768 plus
651 723 757 757 audiat
780 723 833 757 vel
857 723 1000 757 inveniat
1022 723 1182 757 rationem
1209 735 1306 768 quarn
1333 724 1525 758 imminente

320 782 490 827 naufragio
506 781 620 816 mediis
636 782 669 815 in
684 781 832 816 fluctibus
848 791 880 815 et
898 781 1045 826 procellis
1059 783 1213 816 attonitus
1233 791 1329 816 nauta
1349 782 1400 815 vel
1419 791 1526 827 pastor

319 841 500 875 ardentium
525 840 666 885 undique
696 852 869 874 nemorum
905 841 1077 885 crepitante
1114 841 1333 885 circunseptus
1362 840 1524 882 incendio,

317 899 524 933 flammarum
543 908 679 943 urgente
706 910 836 938 corona,
863 908 973 942 posset
997 898 1175 943 intelligere
1201 899 1406 933 monentium
1426 909 1525 932 voces

319 958 371 991 vel
394 957 530 1002 qualiter
553 968 587 990 se
607 957 743 1001 explicet
766 957 912 1002 reperire.

387 1016 506 1060 Cogita
530 1027 698 1060 parmper,
719 1016 765 1049 mi
789 1015 963 1056 Iohannes,
983 1015 1080 1049 etiam
1105 1015 1132 1048 si
1155 1026 1230 1049 vera
1249 1014 1366 1049 fuerint
1384 1025 1448 1060 que
1467 1013 1524 1048 tibi

318 1085 375 1118 per
394 1082 495 1107 temet
514 1073 566 1107 vel
585 1073 652 1107 aliis
671 1072 918 1117 suggerentibus
943 1073 1138 1118 persuasisse
1157 1072 1281 1113 diceris,
1305 1084 1346 1106 an
1365 1072 1439 1106 talia
1461 1072 1527 1106 sint

318 1143 380 1176 que
400 1141 547 1166 nostrum
573 1143 718 1165 amorem
741 1124 890 1172 debeant,
910 1143 950 1166 ne
971 1131 1108 1165 lacerare
1128 1131 1276 1173 dixerim,
1295 1131 1453 1166 deterrere
1472 1130 1526 1164 vel

319 1190 455 1231 turbare,
483 1189 572 1234 quod
598 1200 665 1224 tam
690 1189 744 1224 diu
774 1190 891 1234 pedem
921 1202 939 1224 a
971 1201 1145 1235 congressu
1179 1190 1394 1235 linguamque?
1413 1200 1430 1222 a
1461 1188 1526 1223 col-

320 1249 446 1293 loquiis,
470 1248 585 1293 quibus
614 1257 646 1282 te
672 1258 753 1283 teste
781 1258 847 1282 tam
879 1248 971 1283 avide
1003 1249 1091 1284 fruor
1121 1260 1227 1293 queve
1258 1248 1420 1293 singulare
1450 1257 1527 1283 sunt

322 1308 504 1341 amicorum
527 1307 683 1349 officium,
709 1307 854 1341 debueris
874 1309 1051 1349 continere,
1069 1307 1158 1352 quod
1185 1307 1405 1341 liberalitatem
1434 1316 1526 1342 tuam

320 1367 354 1399 in
370 1365 498 1400 edendo
513 1366 641 1408 librum,
654 1378 752 1410 quem
765 1377 831 1400 non
845 1378 943 1410 parva
954 1367 1019 1400 iam
1032 1378 1072 1400 ex
1086 1375 1174 1410 parte
1187 1365 1413 1410 transcriptum
1427 1365 1524 1406 nosti,

321 1424 354 1458 in
366 1425 512 1458 animum
525 1434 617 1458 tuum
631 1424 802 1458 ascendere
814 1424 958 1458 debuerit
972 1436 1040 1458 non
1054 1424 1192 1468 explere.
1226 1425 1333 1468 cogita
1347 1433 1456 1458 tecum
1466 1423 1526 1458 ism

321 1493 504 1527 parumper,
518 1494 642 1527 precor3
660 1495 710 1525 an,
729 1492 763 1516 ut
778 1484 840 1517 tuis
860 1492 931 1517 utar
949 1483 1064 1524 verbis,
1085 1494 1160 1517 cum
1180 1484 1247 1517 eius
1267 1483 1420 1523 muneris,
1435 1481 1525 1528 quod

322 1542 502 1575 amiciciam
516 1541 663 1582 dicimus,
685 1542 773 1575 cuius
792 1551 823 1575 te
842 1542 913 1586 ipso
926 1550 1007 1575 teste
1031 1541 1169 1580 colendi,
1194 1540 1351 1582 servandi,
1364 1540 1524 1575 statuendi

322 1609 417 1643 atque
437 1598 653 1644 amplificandi
678 1599 942 1644 diligentissimus
964 1609 1077 1634 auctor
1099 1610 1313 1644 sepenumero
1333 1597 1430 1632 fueris
1453 1610 1524 1644 per·

321 1667 502 1702 petuusque
520 1658 674 1702 magister
703 1657 828 1692 futurus
857 1658 910 1698 sis,
930 1667 962 1692 te
992 1658 1088 1692 talem
1118 1657 1247 1702 qualem
1277 1657 1374 1691 fuisse
1392 1656 1524 1702 foreque

322 1715 450 1757 dixeris,
469 1716 623 1757 deceant3
649 1727 690 1750 an
713 1716 776 1750 sint
795 1717 978 1761 magisterii,
998 1715 1088 1761 quod
1105 1715 1273 1761 profiteriS,
1293 1715 1458 1758 officium;
1482 1727 1523 1750 an

322 1785 390 1808 non
414 1774 532 1818 potius,
564 1773 652 1818 quod
676 1773 733 1807 tibi
759 1786 826 1808 non
850 1775 899 1808 vis
918 1774 1079 1819 imputari,
1103 1775 1260 1816 amicicie,
1290 1773 1469 1808 dilectionis
1492 1783 1525 1808 ot

322 1831 419 1866 officii
439 1832 619 1866 desertoris.
666 1832 743 1877 quid
761 1834 849 1866 enim
867 1833 1021 1878 assignes,
1037 1844 1104 1878 quo
1123 1843 1192 1866 non
1212 1831 1315 1866 deseri
1328 1831 1447 1874 solum,
1465 1831 1523 1866 sed

321 1890 458 1925 rescindi
475 1890 536 1924 dici
552 1890 667 1925 debeat
683 1891 838 1932 amicicia,
857 1892 884 1925 si
902 1892 963 1925 ista
978 1903 1046 1925 non
1062 1891 1222 1932 deserunt,
1236 1902 1305 1925 non
1319 1890 1524 1925 rescindunt?

321 1949 377 1983 sed
397 1949 515 1994 inquis:
541 1961 616 1984 cum
637 1949 780 1983 viderem
800 1950 834 1983 in
853 1949 1064 1984 familiaritate
1085 1959 1193 1984 nostra
1210 1950 1369 1984 rationem
1382 1959 1524 1983 omnem

320 2007 525 2043 iocunditatis
553 2018 585 2042 et
614 2008 832 2042 benivolentie
856 2009 956 2052 prime
986 2020 1054 2042 non
1085 2008 1289 2052 consopitam
1312 2007 1425 2049 modo,
1443 2008 1523 2042 vitio

320 2067 428 2100 nescio
448 2078 525 2111 quo,
538 2066 594 2100 sed
613 2078 740 2111 prorsus
760 2067 965 2111 expiravisse,
983 2068 1138 2108 contraxi,
1151 2066 1263 2108 fateor,
1276 2066 1392 2111 pedem
1406 2077 1523 2111 meque

320 2125 354 2157 in
375 2124 457 2158 hanc
480 2124 690 2158 solitudinem
709 2134 741 2159 et
759 2125 964 2159 habitationis
988 2135 1019 2159 et
1037 2125 1103 2159 vite
1122 2135 1276 2170 tauquam
1294 2125 1328 2158 in
1347 2136 1452 2158 arcem
1472 2133 1523 2158 tu-

375 2278 393 2296 1.
405 2271 438 2294 Ντ
453 2274 539 2295 omette
553 2272 576 2295 in
592 2272 651 2301 dopo
661 2277 758 2296 contrat.
808 2280 835 2301 4.
848 2272 879 2295 Β
895 2273 1007 2295 montium
1058 2279 1080 2301 9.
1095 2271 1125 2295 I)
1135 2271 1169 2295 N¹
1178 2273 1216 2295 Me
1229 2271 1347 2301 crepitanti
1399 2278 1434 2295 1ο.
1444 2271 1476 2294 Ι]
1483 2273 1522 2295 Me

318 2313 391 2341 possit
447 2320 480 2336 ιι.
495 2312 525 2335 Li
534 2314 571 2336 Me
585 2316 702 2336 omettono
716 2321 740 2336 se
796 2320 832 2343 13.
848 2313 878 2336 Ζ)
887 2314 924 2336 Me
937 2314 1016 2336 danna
1029 2314 1057 2336 ab
1071 2314 1133 2342 dopo
1148 2313 1183 2335 vel
1219 2313 1255 2335 Me
1269 2317 1323 2335 sunt
1378 2319 1386 2335 ι
1391 2319 1414 2342 5.
1428 2313 1522 2343 pedem]

318 2353 356 2375 Me
369 2353 465 2382 gradum
522 2354 554 2378 ¹6.
570 2353 603 2376 N¹
618 2358 641 2376 te
651 2358 707 2377 teste
716 2354 784 2377 avido
794 2355 851 2382 (sic)
860 2361 951 2377 emeno
965 2358 1012 2376 tam
1067 2360 1103 2377 πο.
1114 2353 1144 2376 l)
1155 2354 1191 2376 Me
1205 2359 1285 2382 perum
1339 2360 1375 2377 2¹.
1385 2353 1423 2376 Me
1431 2355 1522 2376 lomene

317 2393 382 2416 cuius
437 2394 472 2416 26.
488 2392 521 2416 ΙΨ
536 2394 652 2417 disci-toris
685 2395 722 2417 Me
738 2394 853 2418 discituris
870 2395 902 2417 ed
918 2394 1020 2423 assignas
1075 2401 1110 2423 ²7·
1129 2395 1167 2416 Me
1181 2394 1296 2416 rescidnnt
1349 2399 1388 2423 ²9.
1400 2393 1433 2416 U
1442 2394 1480 2416 ue
1493 2399 1521 2416 ac

318 2441 358 2464 3⁰·
372 2433 403 2456 Ι]
422 2441 446 2456 se

1557 906 1596 930 10

1557 1198 1596 1231 15

1552 1494 1596 1519 20

1551 1786 1592 1820 25
