1682 2762
81 911 120 936 10

83 1200 119 1233 15

81 1494 124 1518 20

84 1778 124 1812 25

86 2067 128 2101 30

419 259 467 285 DI
498 258 762 286 COLUCCIO
794 257 1066 285 SALUTATI.
1278 249 1337 291 ¹89

146 393 181 418 ut
192 384 295 428 inquit
306 384 399 417 Maro
407 383 452 417 (¹).
499 392 532 417 et
546 393 580 417 ut
592 382 631 416 ad
643 384 809 428 inceptum
822 393 854 418 et
869 383 987 417 litteras
1001 392 1072 416 tuas
1086 382 1228 423 redeam,
1243 394 1341 427 spon-

146 440 208 475 deo
230 440 288 475 tibi
315 440 567 474 benivolentiam
593 449 625 474 et
648 440 866 481 dilectionem,
899 450 935 474 ut
959 441 1042 482 dixi3
1066 441 1190 474 utinam
1212 451 1342 485 possem

147 508 179 533 et
197 499 392 532 amiciciam!
439 498 496 532 sed
519 508 690 543 postquam
710 498 772 532 hoc
791 499 928 533 omnino
944 510 1012 533 non
1028 510 1172 543 possum,
1190 498 1343 539 conabor,

147 557 302 601 quoniam
333 556 436 600 magis
462 556 688 600 incipientibus
711 568 809 601 quam
835 556 982 600 perfectis
1013 556 1182 590 virtutibus
1213 557 1342 595 utimur,

146 622 267 658 quanto
291 614 422 658 propius
446 613 484 646 ad
508 613 688 647 amiciciam
712 613 816 647 aditus
840 613 1036 647 concedetur
1059 613 1218 654 accedere,
1239 623 1272 647 et
1295 613 1342 647 tui

147 670 293 705 desiderii
316 679 349 705 et
366 671 500 704 honoris
524 682 634 704 curam
658 672 813 715 accipiam
836 680 868 705 et
891 681 1048 716 quantum
1071 681 1185 716 potero
1209 673 1292 706 nitar
1311 681 1342 706 te

147 727 187 762 ad
202 727 327 773 aliquid,
335 727 524 765 honorabile
544 740 749 773 promovere.

213 786 289 820 Vidi
310 786 462 827 rationes,
482 797 561 831 quas
576 787 609 820 in
625 786 677 820 illa
692 787 826 831 physica
842 786 1014 821 collatione
1030 786 1070 820 ad
1084 786 1175 820 illum
1195 786 1344 821 famosis-

147 843 266 878 simum
290 843 457 878 doctorem
476 843 660 885 destinasti3
683 843 799 888 quibus
822 845 934 878 asseris
958 844 1148 886 mentulam,
1167 845 1235 879 sive
1258 845 1345 878 testi-

149 901 248 943 culos,
273 901 313 935 ad
339 902 583 946 generationem
611 902 754 936 hominis
782 902 953 947 principale
978 911 1009 936 et
1031 903 1247 937 necessarium
1275 914 1345 937 esse

148 959 344 1001 membrum,
366 971 428 994 nec
450 961 535 994 vasis
557 960 739 995 seminariis
765 960 848 994 hanc
874 971 943 994 esse
967 960 1168 1005 dignitatem,
1187 961 1271 994 sicut
1293 960 1345 994 ille

147 1017 280 1063 probare
299 1018 420 1059 nititur,
430 1017 644 1052 tribuendam.
690 1026 722 1052 et
733 1018 869 1063 quanvis
884 1018 998 1052 harum
1011 1029 1118 1052 rerum
1131 1019 1269 1052 omnino
1285 1019 1346 1052 sim

148 1076 272 1110 nescius
291 1085 323 1110 et
337 1075 391 1110 diu
406 1075 503 1110 michi
523 1077 734 1121 persuaserim
754 1086 903 1121 oportere
922 1077 990 1110 vim
1009 1076 1190 1110 intellectus
1206 1077 1275 1111 eius
1291 1077 1346 1121 qui

148 1133 267 1168 iudicat
289 1145 383 1178 supra
406 1145 476 1167 rem
498 1145 561 1178 que
585 1134 746 1168 iudicatur
767 1134 935 1177 excellere,
958 1135 1084 1179 placent
1112 1134 1214 1168 michi
1237 1144 1346 1168 tamen

150 1201 264 1225 cuncta
279 1203 342 1236 que
355 1191 476 1233 scribis,
492 1203 558 1226 non
579 1191 686 1226 solum
706 1203 901 1237 magnorum
921 1202 1090 1226 auctorum
1109 1191 1257 1226 roborata
1275 1204 1346 1226 sen-

150 1250 266 1290 tentiis,
290 1249 346 1283 sed
371 1249 462 1283 claris
485 1250 657 1291 rationum,
683 1259 718 1284 ut
740 1250 840 1285 michi
858 1250 995 1292 videtur,
1018 1250 1347 1285 demonstrationibus

151 1306 349 1341 confirmata.
395 1308 466 1352 quis
489 1308 578 1342 enim
597 1307 687 1342 fateri
711 1319 780 1342 non
799 1307 914 1343 debeat
930 1308 1113 1343 membrum
1137 1308 1214 1343 illud
1238 1309 1270 1342 in
1290 1308 1348 1342 ho·

151 1365 247 1398 minis
271 1365 479 1409 generatione
502 1364 572 1399 fore
595 1366 795 1410 precipuum,
819 1366 907 1411 quod
931 1378 1069 1411 sperma,
1092 1366 1154 1400 hoc
1179 1375 1237 1408 est,
1260 1367 1349 1400 iuxta

151 1422 264 1456 Galeni
279 1423 377 1456 nostri
394 1423 586 1457 sententiam
603 1423 636 1457 in
660 1423 746 1457 libris
769 1435 852 1468 quos
879 1425 931 1458 De
954 1424 1197 1459 virtutibus
1225 1434 1348 1459 natu-

150 1479 308 1514 ralibus
333 1481 468 1525 scripsit,
479 1481 671 1526 principium
690 1481 864 1516 effectuum
884 1482 1030 1516 animalis
1050 1482 1095 1524 (⁸),
1118 1483 1153 1517 in
1168 1494 1260 1516 suam
1276 1494 1348 1527 pro-

151 1539 314 1583 priamque
343 1549 490 1573 naturam
521 1549 715 1574 transmutat
742 1549 774 1574 et
795 1539 924 1582 format,
951 1541 1054 1585 magis
1077 1552 1174 1585 quam
1205 1540 1350 1575 membra

127 1637 133 1642 l
151 1594 446 1630 transformandum
461 1595 634 1631 deferentia
649 1597 700 1631 vel
715 1597 926 1642 exprimentia
941 1593 1230 1632 transformatum?
1275 1609 1350 1631 nam

152 1653 226 1687 licet
243 1653 493 1688 Commentator
515 1653 650 1688 edoceat
682 1655 760 1690 illud
783 1655 965 1690 membrum
990 1668 1057 1690 non
1081 1668 1150 1690 esse
1173 1657 1350 1701 principem

153 1711 278 1746 virtutis
305 1713 499 1756 generative,
523 1706 659 1757 quanvis
682 1713 735 1747 illa
762 1714 862 1748 virtus
891 1714 925 1748 in
959 1725 1000 1748 eo
1023 1715 1075 1755 sit,
1102 1722 1137 1748 ut
1162 1714 1350 1748 seminalem

154 1769 326 1804 humorem
348 1770 382 1804 in
403 1770 563 1814 propriam
583 1780 762 1805 commutet
778 1771 920 1816 speciem
943 1780 975 1805 et
994 1781 1152 1812 naturam,
1167 1772 1260 1806 sicuti
1279 1783 1350 1806 sen-

154 1828 213 1862 tire
227 1827 390 1862 Galenum
409 1839 556 1873 expresse
572 1838 714 1871 testatur,
730 1829 805 1874 quia
821 1840 888 1863 non
908 1830 1013 1874 agitur
1029 1829 1107 1864 illud
1126 1830 1187 1864 nisi
1211 1841 1267 1874 per
1289 1830 1350 1875 spi-

153 1886 251 1920 ritum
270 1886 406 1920 missum
424 1897 442 1920 a
466 1887 573 1928 corde,
593 1896 807 1932 temperatum
827 1888 861 1922 in
883 1889 1058 1933 quantitate
1079 1897 1112 1922 et
1131 1888 1293 1933 qualitate,
1312 1901 1351 1923 ex

153 1955 219 1988 quo
231 1944 354 1978 Dantes
369 1954 480 1978 noster
492 1945 594 1980 voluit
609 1945 776 1980 materiam
790 1945 884 1980 futuri
901 1947 1032 1980 seminis
1046 1947 1078 1980 in
1092 1946 1187 1980 corde
1200 1947 1351 1981 virtutem

154 2002 293 2047 recipere
318 2001 536 2043 formativam,
563 2012 598 2037 ut
625 2003 659 2037 in
684 2014 743 2037 sua
772 2004 959 2038 secunda
986 2005 1152 2038 cantica
1175 2004 1290 2038 cecinit
1305 2005 1351 2044 (³),

154 2070 222 2094 non
236 2069 344 2094 tamen
360 2060 567 2095 asserendum
587 2073 704 2096 censeo
720 2061 943 2106 principaliora
962 2061 1076 2096 debere
1091 2073 1166 2095 vasa
1185 2062 1352 2096 seminalia

154 2129 251 2163 quam
263 2117 352 2159 illud,
364 2119 415 2152 cui
427 2127 497 2153 tum
517 2118 691 2153 deferendo
703 2128 772 2154 tum
793 2119 974 2154 emittendo
989 2131 1064 2154 vasa
1079 2120 1146 2164 ipsa
1158 2119 1350 2160 deserviunt,

208 2231 228 2255 5.
243 2231 299 2255 cod.
313 2231 416 2261 proprius
473 2234 506 2256 18<
522 2233 578 2256 cod.
591 2235 677 2256 mette
691 2237 726 2257 ent
789 2241 824 2264 ¹9·
839 2234 898 2259 Cod.
911 2234 1000 2257 Gulieni
1014 2241 1028 2256 e
1041 2235 1091 2257 cosi
1105 2235 1180 2257 anche
1192 2237 1259 2258 cotto.

192 2334 235 2369 (ι)
250 2333 342 2363 Vno.
354 2335 418 2362 Am.
433 2334 468 2368 11,
483 2335 588 2372 379-81.
776 2337 829 2369 nia,
848 2342 886 2363 to.
907 2335 941 2368 11,
959 2335 1001 2363 ed.
1019 2335 1051 2363 C.
1071 2335 1103 2363 G.
1124 2335 1216 2369 Kahn,
1234 2335 1351 2372 Lipsiae,

193 2377 236 2411 (2)
255 2375 307 2404 Cr..
326 2375 439 2404 Garum
458 2377 498 2404 De
516 2377 674 2405 naturalibus
686 2378 733 2413 sa·
780 2379 854 2405 1821.

158 2418 300 2452 calcatibus,
320 2418 367 2446 lib.
385 2419 418 2453 11,
433 2428 459 2455 p.
478 2419 510 2455 85
531 2420 560 2447 in
580 2420 664 2456 Opera
679 2429 732 2447 om-
813 2420 855 2456 (3)
869 2419 981 2452 Omra,
993 2419 1252 2456 Purgatorio,xxv.
1264 2427 1351 2455 37·45.

1395 388 1434 408 Per
1451 388 1540 408 ritem-r
1560 387 1580 408 nl

1369 415 1468 462 principio
1478 414 1531 434 delle
1545 420 1582 435 sue

1369 440 1586 495 aureatam:

1370 495 1488 519 l'nmicinin.
1499 501 1511 514 ι
1519 495 1552 515 cui
1563 494 1582 514 Ιι

1370 528 1407 542 su·
1435 521 1580 548 impet-§aione

1371 549 1400 575 gli
1409 548 1497 580 concede
1507 548 1527 568 di
1538 554 1582 575 per-

1370 581 1447 596 venire.

1397 789 1449 810 Vide
1456 789 1472 810 n
1479 795 1517 809 suo
1525 789 1583 809 scrit-

1371 821 1402 840 ιο,
1417 816 1450 836 uel
1469 815 1529 843 quale
1549 823 1583 836 w-

1371 843 1436 864 nime
1451 843 1490 863 che
1501 842 1541 863 nu·
1550 849 1584 869 ge-

1372 870 1481 890 ner-aione
1509 875 1584 890 umam

1373 903 1504 917 concon-rouo
1549 896 1584 923 piu

1372 923 1409 943 che
1433 924 1439 943 i
1461 923 1506 943 vni
1529 929 1585 950 sper-

1372 950 1450 975 mand,
1467 950 1474 970 i
1492 949 1585 970 «euticen

1372 1032 1391 1049 e.
1406 1025 1495 1046 :ebbena
1513 1025 1585 1052 ign-m

1373 1053 1394 1072 di
1423 1052 1492 1073 siff-ni
1520 1052 1584 1075 nudi.

1373 1078 1586 1132 {3512”5.2÷0¹:1‘32{

1374 1133 1431 1164 doffte
1452 1132 1481 1159 gli
1501 1138 1586 1160 pai-vero

1374 1164 1461 1184 omme;

1375 1315 1438 1362 -τ
1451 1314 1587 1362 maiae

1375 1349 1496 1389 ffiuG-leao.
