1682 2762
139 953 172 973 Or
186 958 259 980 quent
267 960 324 974 cesu-

112 987 143 1004 τι,
163 981 200 1000 che
228 981 245 1000 si
279 981 324 1001 dice

114 1013 197 1031 coma.
213 1014 255 1027 non
267 1014 323 1027 mnn-

113 1040 136 1054 ει
150 1034 191 1054 mai
205 1040 276 1061 presso
284 1034 324 1054 Lu-

113 1067 181 1085 can05

112 1250 132 1270 di
146 1251 180 1277 qui
190 1251 208 1270 si
218 1252 259 1277 pub
273 1251 323 1271 dun·

112 1283 151 1304 que
164 1282 227 1297 tratre
243 1278 262 1298 Ιι
271 1284 281 1297 s
296 1278 324 1297 ie·

113 1303 199 1330 gazlone
215 1304 248 1324 del
266 1304 323 1324 disti-

112 1337 145 1354 co,
159 1330 282 1351 riserendolo
297 1331 324 1350 nl-

112 1356 201 1377 l'indole
215 1357 268 1377 dell·
277 1364 324 1384 poe-

113 1384 142 1403 sia
154 1384 210 1404 dello
219 1385 324 1406 sermore.

136 1940 168 1960 m
192 1941 226 1967 poi
251 1939 320 1960 tnlune

109 1974 119 1987 s
133 1967 235 1994 'eg-zioni
256 1967 321 1987 tecui-

110 2001 121 2014 ε
136 2000 147 2014 e
166 1994 197 2014 nul
217 1993 269 2013 fano
285 1993 321 2014 che

109 2020 122 2040 il
137 2027 197 2041 verso
212 2021 276 2040 rieuce
290 2027 321 2040 ιι·-

109 2048 207 2067 monioso
252 2047 320 2074 grnzie

109 2073 150 2094 ⁸11·
176 2079 255 2097 cesurn,
283 2074 320 2093 elie

107 2107 144 2127 pur
167 2100 187 2120 lo
210 2100 277 2120 divide
299 2101 319 2120 in

106 2128 144 2147 due
154 2127 255 2147 emisxiehi
263 2127 282 2146 di
290 2127 319 2146 di-

108 2160 170 2174 veru
183 2153 303 2180 lunghezzn.

360 275 421 307 180
784 278 1124 307 EPISTOLARIO

356 400 452 440 cesio,
470 400 538 432 imo
553 398 623 432 talis
647 397 798 431 sectionis
815 397 975 441 asperitas,
994 397 1020 430 si
1039 408 1148 430 versus
1167 397 1200 430 in
1219 405 1331 441 quarto
1351 395 1495 437 cedatur;
1511 405 1546 430 ut

354 458 380 489 si
406 456 538 490 dixeris:

584 503 630 531 Me
649 503 774 531 libertino
792 503 891 530 rodunt
909 511 1006 530 omnes
1025 508 1100 538 patre
1115 508 1220 530 natum.

355 589 386 613 et
405 579 571 624 Virgilius:

584 640 669 668 Troia
681 640 753 668 viros
769 640 870 667 medias
884 639 957 667 acies
971 639 1130 676 mediosque
1142 647 1190 675 per
1203 639 1282 675 ignes
1292 639 1334 667 (ι).

353 717 502 750 omnium
525 725 633 750 tamen
654 716 843 750 suavissima
866 725 924 756 est,
943 728 1006 760 que
1030 715 1206 749 dictionem
1228 724 1314 749 secat
1336 715 1370 748 in
1393 714 1546 759 principio

352 775 436 808 tertii
459 774 559 818 pedis,
584 774 713 819 quando
733 774 851 808 scilicet
873 775 907 807 in
926 775 1040 818 quinto
1055 773 1219 818 semipede
1236 773 1334 807 dictio
1348 773 1546 807 terminatur.

352 832 411 865 hec
434 832 532 876 igitur
555 844 663 866 cesura
686 843 816 866 versum
847 831 961 865 dividit
988 831 1021 864 in
1045 831 1110 864 duo
1135 830 1290 871 membra,
1315 841 1454 876 quorum
1484 830 1548 874 pri-

352 901 443 923 mum
467 890 620 934 quinque,
642 889 822 923 secundum
845 901 922 922 vero
954 898 1078 933 septem
1112 888 1313 932 semipedum
1344 887 1546 932 amplexione

353 947 539 992 completur.
594 957 625 982 et
649 948 708 981 hec
735 948 850 982 dicitur
877 947 960 991 apud
985 946 1215 980 versificatores
1249 958 1353 987 coma,
1382 958 1491 990 quam,
1511 954 1547 979 ut

352 1006 458 1047 credo,
483 1018 550 1040 non
573 1007 711 1051 reperies
734 1007 769 1040 in
793 1006 899 1050 aliquo
924 1004 1047 1040 Lucani
1067 1016 1160 1039 versu
1180 1016 1247 1038 non
1267 1016 1354 1046 esse;
1373 1013 1409 1038 ut
1431 1004 1547 1038 merito

352 1064 390 1097 de
415 1064 501 1098 dicto
525 1072 621 1108 poeta
644 1064 799 1107 scriptum
823 1064 881 1097 sit:

618 1153 758 1180 Continuo
777 1161 916 1188 nunquam
936 1152 1021 1179 direxi
1039 1152 1160 1179 carmina
1179 1152 1279 1186 ductu;

352 1242 545 1275 continuum
583 1240 716 1274 ductum
750 1239 901 1273 vocando
943 1241 1220 1274 continuationem
1259 1241 1546 1282 commensuratio-

352 1311 491 1343 nemque
515 1298 662 1332 dictionis
686 1307 718 1332 et
740 1298 870 1342 pedum,
894 1307 931 1332 ut
952 1310 1055 1332 unum
1080 1298 1215 1332 alterum
1238 1309 1307 1332 non
1330 1298 1474 1339 excedat,
1489 1298 1545 1332 sed

351 1357 490 1390 invicem
514 1357 734 1390 terminentur.
781 1355 869 1400 quod
893 1356 967 1400 quia
985 1357 1140 1401 serpentis
1156 1366 1188 1390 et
1206 1356 1337 1390 humilis
1360 1356 1462 1401 figure
1476 1357 1546 1390 sive

352 1415 514 1448 caracteris
531 1423 562 1447 et
577 1414 638 1447 stili
658 1423 717 1455 est,
735 1414 891 1456 subditur,
911 1425 988 1458 que
1012 1415 1187 1448 tractim
1210 1423 1399 1459 serpant:
1420 1414 1546 1448 tractim

353 1473 437 1506 enim
462 1472 550 1513 dixit,
575 1472 607 1505 id
631 1481 678 1506 est
698 1473 901 1506 continenter
917 1482 948 1506 et
963 1473 1032 1506 sine
1051 1473 1212 1513 sectione;
1236 1481 1419 1516 serpant
1437 1481 1546 1507 autem

352 1532 495 1565 adiunxit
519 1531 557 1564 ad
581 1530 685 1564 infimi
706 1531 769 1565 stili
788 1531 1056 1576 designationem.
1103 1541 1135 1565 et
1149 1532 1224 1575 quia
1239 1531 1395 1576 elegantia
1412 1531 1546 1565 comatis

351 1590 423 1622 stilo
447 1589 587 1630 sublimi,
610 1600 707 1633 quem
724 1589 874 1623 Lucanus
897 1599 1024 1623 secutus
1047 1599 1105 1629 est,
1129 1590 1291 1630 convenit,
1311 1589 1350 1623 ad
1373 1588 1544 1623 ostenden-

351 1645 425 1679 dam
448 1646 530 1680 illius
554 1647 711 1691 poematis
736 1646 927 1692 dignitatem
950 1647 1128 1681 subiunxit:
1153 1647 1244 1692 plus
1274 1647 1403 1681 michi
1427 1658 1545 1681 coma

349 1703 506 1746 placet;
530 1704 620 1748 quasi
643 1704 748 1737 dicat:
781 1715 847 1738 non
873 1704 1012 1749 depressi
1045 1705 1195 1746 carmina,
1219 1705 1275 1739 sed
1302 1713 1416 1738 cuncta
1438 1705 1543 1747 divisi,

349 1773 404 1805 per
428 1772 522 1794 coma
545 1762 672 1802 scilicet,
696 1771 731 1796 ut
759 1762 820 1795 hec
847 1762 1005 1807 elegantia
1028 1774 1094 1796 non
1124 1762 1258 1797 deesset.
1313 1772 1344 1796 et
1367 1763 1458 1799 hunc.
1477 1773 1543 1797 cre-

350 1819 484 1853 diderim
507 1821 675 1854 rectiorem
695 1832 827 1855 sensum
851 1830 882 1855 et
901 1821 1005 1855 verbis
1024 1830 1056 1855 et
1074 1822 1198 1855 veritati
1216 1821 1315 1866 longe
1331 1821 1446 1855 melius
1465 1832 1543 1855 con-

349 1886 529 1921 gruentem.

416 1934 473 1968 Sin
498 1944 604 1968 autem
628 1935 822 1969 dubitaveris
854 1935 1021 1979 quomodo
1052 1935 1092 1969 sit
1122 1935 1210 1980 quod
1236 1935 1290 1969 illa
1320 1934 1446 1976 divisio,
1478 1946 1542 1980 que

348 1991 384 2024 fit
403 1992 435 2024 in
460 1993 543 2026 tertii
569 1992 658 2037 pedis
683 1994 796 2037 capite,
812 2005 887 2027 cum
910 1993 943 2026 in
963 1993 1086 2037 equalia
1105 2004 1234 2026 versum
1253 2004 1320 2026 non
1341 1992 1471 2034 dividat,
1485 1991 1542 2026 sed

348 2048 421 2082 hinc
445 2051 587 2094 quinque
611 2050 792 2095 semipedes
816 2060 942 2092 statuat,
966 2050 1066 2084 veluti
1090 2051 1187 2084 totius
1210 2061 1319 2084 versus
1343 2050 1448 2091 arsim,
1466 2049 1542 2083 inde

347 2118 423 2140 vero
448 2117 582 2152 septem,
597 2120 659 2152 que
682 2109 747 2142 sint
777 2108 876 2142 thesis
895 2118 990 2153 atque
1014 2108 1171 2153 depositio
1194 2119 1315 2150 versuS,
1337 2119 1411 2142 cum
1433 2118 1542 2152 supra-

347 2165 469 2199 dictum
493 2166 532 2200 sit
555 2167 638 2200 hanc
663 2167 868 2201 dulcedinem
892 2179 932 2201 ex
956 2167 1126 2212 equalitate
1142 2167 1322 2212 provenire,
1335 2176 1401 2200 tam
1425 2166 1541 2201 dulcis-

345 2223 425 2256 sime
441 2233 528 2257 secet
542 2236 681 2266 versum,
695 2226 770 2269 quia
782 2237 831 2259 res
849 2225 948 2270 digna
959 2225 1058 2259 relatu
1072 2234 1131 2266 est,
1146 2225 1281 2259 breviter
1299 2225 1361 2258 hoc
1374 2224 1539 2259 absolvam

402 2346 436 2362 io.
452 2340 507 2363 Cod.
523 2341 566 2363 hoc
622 2348 658 2371 3⁰·
674 2342 730 2365 Cod.
745 2349 773 2364 ex
787 2342 894 2372 qualitate

379 2434 422 2467 (1)
441 2434 530 2462 Vane.
548 2435 614 2463 Aen.
632 2435 694 2468 vn,
713 2436 772 2472 296.

1578 955 1617 978 10

1577 1307 1614 1340 15

1572 1595 1616 1619 20

1569 1883 1611 1917 25

1568 2172 1610 2206 30
