1682 2762
403 249 450 276 οι
482 248 746 277 εοιυεειο
778 247 1044 275 εΑιυΤΑΊ-Ῑ.
1258 239 1318 282 581

124 313 185 320 ..-

123 373 330 412 sententiam,
351 383 417 406 non
434 372 641 406 dimicaturus
661 383 735 405 cum
755 372 916 416 proximo,
939 371 966 405 si
986 372 1166 416 perstiterit,
1190 371 1247 405 sed
1268 383 1326 415 po-

122 432 198 472 tius,
219 431 247 464 si
277 430 345 464 fieri
370 440 474 475 preter
496 430 711 464 offensionem
742 431 804 464 Dei
825 440 856 464 et
876 430 1013 475 proximi
1037 430 1166 475 poterit,
1190 441 1326 464 consen-

122 501 226 525 surus.
272 490 306 523 in
323 489 384 523 illis
399 498 520 529 autem,
535 489 652 534 quibus
670 486 909 523 eterne‘salun's
926 489 1006 522 ratio
1025 488 1151 530 leditur,
1171 500 1232 523 nec
1248 500 1325 523 con-

123 549 240 583 sentiet
268 559 329 582 nec
349 547 534 588 contendet,
562 547 619 582 sed
637 547 785 582 monebit
809 547 973 581 humiliter
994 557 1027 581 et
1045 549 1196 592 quiescet.
1243 548 1327 581 hanc

124 606 340 642 humilitatem
360 606 387 640 si
409 617 469 640 vos
489 614 543 640 aut
562 605 617 646 illi,
639 615 674 640 ut
693 606 757 639 iarn
788 606 887 639 etiam
913 618 988 640 cum
1014 605 1256 640 remanentibus
1280 605 1327 639 lo-

122 677 214 712 quar,
234 665 285 699 vel
304 665 508 701 mediocriter
527 664 722 706 habuissent,
747 665 840 699 crede
864 665 974 706 michi,
999 665 1085 700 nulla
1108 664 1221 700 fuisset
1244 666 1329 699 inter

124 735 185 759 vos
201 723 360 759 dissensio
375 724 545 768 nullusque
564 723 738 765 discessus;
758 724 978 769 potuissetque
998 724 1200 758 concorditer
1219 735 1328 768 parere

98 819 104 825 .
124 791 230 817 vestra
249 791 351 816 mater
367 793 492 816 novum
507 781 591 816 istud
611 783 854 822 monasterium,
878 794 941 827 que
959 793 1018 816 vos
1042 783 1074 816 in
1091 782 1250 817 discordia
1269 782 1329 816 fuit

59 903 98 928 10

60 1199 96 1232 ¹5

60 1488 102 1513 20

0 1779 104 1812 ..25

68 2073 109 2107 30

125 841 240 876 aborsa
265 852 381 885 queve,
401 840 483 874 sicut
502 839 542 874 de
562 839 681 875 Rachel
700 840 856 881 scribitur,
872 840 927 875 flet
946 839 1031 874 filios
1049 852 1126 875 suos
1142 852 1203 874 nec
1222 850 1329 885 potest

124 900 298 941 consolari,
318 911 393 934 cum
414 912 481 934 non
497 901 562 934 sint
576 900 621 933 (¹).
669 911 733 944 ego
750 911 839 941 vero,
859 899 955 934 frater
970 900 1144 940 carissime,
1161 909 1192 934 te
1207 910 1239 934 et
1254 909 1330 934 tuos

125 958 281 1004 deprecor
297 968 330 993 et
354 969 455 992 exoro
479 966 639 1003 quatenus
658 958 691 991 in
714 969 789 992 vere
817 958 954 992 caritatis
978 958 1101 992 lumine
1125 970 1188 1003 que
1207 969 1330 992 moneo

126 1016 322 1062 ponderetis,
338 1016 526 1060 excoquatis
545 1024 577 1049 et
594 1015 754 1050 ventiletis
769 1027 829 1050 nec
844 1015 1011 1060 patiamini
1026 1027 1122 1060 super
1136 1015 1196 1050 hec
1212 1017 1330 1050 mentis

126 1075 260 1110 vulnera
279 1074 471 1109 consolidari
497 1074 548 1108 vel
569 1073 736 1108 durescere
761 1075 951 1108 cicatricem.
999 1075 1204 1108 contrectetis
1228 1085 1331 1108 novas

126 1133 202 1167 istas
229 1133 349 1178 plagas,
374 1142 409 1167 ut
432 1133 540 1178 potius
563 1132 714 1167 emittant
735 1133 930 1177 sanguinem
954 1144 1054 1177 quam
1077 1142 1271 1178 putrescant,
1296 1142 1332 1167 ut

126 1202 254 1236 semper
272 1191 365 1225 dolor
382 1201 511 1225 maneat
529 1203 625 1231 neve,
641 1190 731 1236 quod
742 1191 776 1224 in
797 1191 935 1236 antiquis
954 1191 1038 1225 solet
1053 1192 1241 1236 contingere
1261 1191 1327 1225 vul-

127 1249 267 1291 neribus,
292 1250 455 1294 corruptio
482 1249 712 1294 superveniens
732 1248 854 1283 doloris
881 1260 1011 1283 sensum
1037 1249 1159 1283 auferat
1177 1249 1230 1283 vel
1251 1249 1332 1283 obli-

129 1306 263 1340 vionem
285 1306 440 1340 obductio
459 1307 644 1341 dcatricum
662 1305 804 1340 inducat.
852 1315 1006 1346 ceterum,
1037 1306 1063 1340 si
1089 1307 1247 1351 patienter
1274 1307 1332 1340 ista

128 1375 196 1399 tam
213 1365 259 1400 illi
277 1376 376 1410 quam
391 1377 451 1400 vos
470 1365 601 1410 capietis
620 1366 712 1410 sique
730 1364 824 1400 fidele
844 1365 1015 1399 consilium
1041 1377 1115 1399 cum
1137 1365 1332 1410 benignitate

128 1422 269 1468 recipere
300 1422 518 1464 decreveritis,
549 1434 608 1457 vos
635 1423 669 1458 in
701 1434 775 1457 vere
809 1423 948 1457 caritatis
979 1422 1095 1458 affectu
1126 1423 1281 1469 obtestor=
1302 1434 1333 1457 et

130 1492 253 1516 moneo
272 1490 431 1526 quatenus
445 1482 479 1516 in
494 1482 554 1516 hac
573 1493 668 1516 causa
687 1481 796 1516 nolitis
811 1493 900 1516 arma
919 1482 1138 1516 contentionis
1155 1493 1333 1523 assumere;

131 1540 239 1575 nolitis
258 1541 366 1582 etiam,
386 1541 412 1574 si
428 1541 630 1585 peccaverint
651 1540 695 1575 illi
711 1540 764 1575 vel
782 1540 888 1574 forsan
910 1540 982 1585 ipsi,
1001 1540 1093 1585 culpe
1118 1539 1241 1575 facinus
1264 1540 1334 1574 aliis

130 1599 299 1643 imputare.
344 1598 401 1633 sed
425 1598 601 1639 fateamini,
621 1599 647 1632 si
666 1599 791 1633 sentitis
809 1610 963 1640 errorem,
982 1598 1095 1633 leviter
1113 1599 1255 1643 potuisse
1275 1610 1334 1632 vos

131 1668 171 1690 ex
199 1657 336 1701 puritate
362 1666 394 1691 et
424 1657 560 1698 inscitia,
578 1657 662 1691 sicut
690 1656 851 1695 homines,
871 1657 1036 1698 erravisse,
1055 1668 1170 1691 verum
1198 1656 1335 1690 abfuisse

133 1713 306 1755 maliciam,
324 1714 407 1749 sicut
425 1714 531 1749 credo.
580 1714 640 1749 hec
663 1713 879 1759 respondendi
902 1713 1007 1748 forma
1026 1714 1104 1749 nulli
1127 1724 1239 1751 contra
1259 1725 1336 1748 con-

132 1772 300 1806 scientiam
317 1773 438 1807 crimen
453 1773 611 1818 imponet,
629 1773 708 1807 nulli
723 1772 890 1818 generabit
904 1772 1071 1807 infamiam
1088 1773 1229 1818 nullique
1245 1785 1335 1807 scan-

133 1830 243 1866 dalum
268 1831 456 1876 preparabit.
502 1831 700 1867 tolerabilius
725 1833 813 1866 enim
838 1831 897 1866 fuit
921 1833 954 1866 in
977 1832 1116 1867 claustro
1139 1832 1336 1867 contendere

134 1901 232 1936 quam
251 1902 339 1925 nunc
363 1891 519 1932 claustris,
536 1892 627 1936 quasi
651 1891 760 1926 castris
784 1891 950 1936 oppositis,
975 1891 1144 1932 dissidere;
1167 1891 1335 1936 velitisque

135 1948 282 1984 didicisse
306 1950 339 1983 in
363 1950 484 1984 unitate
507 1949 672 1995 religionis
696 1949 794 1984 nichil
815 1949 1032 1984 detestabilius
1055 1950 1215 1996 nichilque
1239 1962 1335 1984 vene·

135 2007 247 2042 nesius
269 2007 468 2042 emulatione
491 2008 733 2050 contentionis3
762 2018 796 2042 ut
822 2008 885 2042 hoc
908 2008 1023 2043 saltem
1041 2008 1192 2053 exemplo
1214 2020 1335 2050 veram,

136 2075 279 2100 sanctam
295 2076 327 2100 et
346 2066 586 2101 immaculatam
598 2065 769 2101 observare
786 2066 956 2101 didiceritis
971 2067 1127 2101 unitatem
1133 2079 1142 2108 ;
1155 2066 1336 2112 pudeatque

136 2134 263 2169 semper
285 2134 317 2158 et
339 2126 449 2170 pigeat
474 2125 616 2159 movisse
637 2125 686 2159 vel
706 2126 884 2170 suscepisse
915 2124 1108 2159 discordiam
1135 2126 1336 2170 nutrisseque

135 2182 239 2217 taliter
251 2182 339 2228 quod
357 2194 415 2217 vos
434 2183 597 2227 impulerit
612 2183 651 2217 ad
667 2183 855 2218 discessum.

195 2291 213 2307 t.
227 2285 247 2308 si
259 2285 394 2315 perstiterit]
403 2285 421 2308 A
431 2286 582 2314 super-nterii
636 2294 662 2314 4.
673 2285 690 2308 1.
701 2286 803 2309 monebit
814 2286 869 2313 (uic)

138 2325 200 2354 quod
257 2331 292 2354 ¹7·
306 2324 325 2348 A
338 2326 468 2349 cicatricem
523 2332 558 2349 ιι.
573 2326 655 2350 [ΑΙ-6
668 2326 715 2355 ipae

924 2293 947 2315 7.
961 2284 993 2309 G¹
1005 2285 1133 2315 nulliusque
1190 2291 1223 2308 ιι.
1233 2286 1292 2316 que]
1303 2284 1335 2309 G¹

175 2420 219 2454 (ι)
237 2419 266 2446 5.
285 2419 402 2448 Mam.
421 2420 455 2453 11,
478 2420 516 2448 18.

1382 561 1426 582 01-
1446 568 1468 582 ιε
1489 561 1530 589 egli
1543 561 1568 582 od

1355 589 1363 610 i
1385 589 1433 609 moi
1456 588 1568 616 comp-gni

1355 622 1453 663 :5:⁸⁸³ae
1426 642 1467 662 ...2
1482 615 1568 675 23:525:

1355 669 1528 717 :issudffiumi
1538 675 1568 716 i:-

1356 727 1456 759 gener-ta
1474 727 1506 743 tra
1522 722 1569 743 loro

1355 750 1568 804 iviesssseussmodu

1356 805 1398 824 vita
1417 803 1436 824 al
1450 809 1569 824 moa-nero

1356 831 1450 855 novello.
1459 836 1521 851 nean
1534 837 1570 850 ve-

1357 858 1394 904 2-0‘
1439 857 1510 904 Ψ

1372 891 1404 905 ive
1414 890 1429 905 u
1489 890 1528 904 auo
1538 890 1560 904 ae

1358 918 1394 934 uo.

1385 964 1499 985 Rifl-ttuo
1530 965 1571 984 eui

1358 992 1441 1019 dunque
1471 998 1484 1012 a
1516 995 1571 1012 tuno

1358 1023 1434 1046 questo
1442 1025 1448 1043 ς

1359 1087 1401 1101 non
1416 1080 1494 1102 ludno
1512 1081 1571 1100 indn-

1359 1108 1399 1128 rire
1407 1107 1426 1128 le
1431 1107 1522 1128 cicatrici
1529 1107 1571 1128 atl-

1359 1134 1379 1156 le
1393 1134 1466 1162 plagin
1483 1134 1571 1158 nemu.

1359 1253 1393 1266 ma
1407 1246 1424 1266 al
1439 1250 1530 1273 penum
1550 1245 1572 1265 di

1360 1278 1438 1300 quanto
1452 1273 1523 1293 hanan
1534 1272 1572 1292 fat-

1360 1305 1417 1347 w'Ed
1431 1327 1453 1346 in
1467 1326 1519 1353 ogni
1529 1331 1573 1346 mo·

1361 1353 1388 1373 de
1402 1353 1464 1374 Δὶωο
1483 1357 1538 1373 mu
1553 1352 1571 1372 ιΙ

1360 1386 1399 1401 no
1414 1379 1536 1407 contiguam

1361 1490 1404 1504 non
1413 1483 1514 1504 u'armino
1525 1489 1574 1503 ωι-

1361 1515 1396 1531 tro
1410 1510 1417 1530 i
1431 1509 1478 1530 loro
1498 1509 1574 1530 trucum

1361 1537 1382 1558 di
1396 1537 1493 1561 amn-lu.

1361 1606 1405 1620 non
1418 1599 1433 1620 u
1443 1599 1543 1620 mnino
1553 1599 1574 1620 di

1363 1626 1431 1654 eulpa,
1445 1633 1479 1647 ma
1491 1625 1574 1648 const*

1362 1655 1409 1675 dne
1424 1654 1574 1681 ebeoepecea-

1362 1687 1415 1702 ωηο
1430 1680 1452 1702 fu
1467 1687 1504 1708 per
1521 1686 1573 1701 aem-

1363 1707 1432 1735 plidta
1447 1714 1461 1728 ο
1477 1707 1574 1735 ignor-an·

1363 1741 1394 1755 u.

1389 1761 1440 1783 emi
1476 1761 1575 1787 fatendo,

1364 1796 1407 1810 non
1448 1789 1574 1810 meh-eamn

1364 1817 1412 1837 loro
1429 1822 1536 1844 τεηομ

1364 1903 1376 1917 e
1393 1901 1493 1917 nomn-o
1506 1895 1540 1916 vi·
1554 1894 1576 1915 Ιο

1365 1923 1471 1947 uua-lo,
1484 1922 1522 1942 che
1541 1927 1576 1942 na-

1364 1949 1459 1972 seerebbe
1482 1949 1508 1969 dn
1534 1955 1576 1968 uu

1364 1978 1398 2005 pin
1413 1977 1448 1997 lun
1465 1983 1476 1996 ι
1491 1980 1575 1996 entes·

1364 2011 1405 2025 eon
1420 2010 1445 2024 ω
1454 2009 1501 2027 oro.

1364 2072 1402 2093 cb·
1407 2072 1448 2092 mni
1454 2077 1497 2092 non
1507 2070 1576 2091 amb-

1364 2099 1400 2120 ber
1414 2098 1492 2119 dovuto
1501 2098 1576 2119 abb-n-

1363 2126 1449 2147 donne.
