1708 2774
155 436 175 457 lo
198 441 267 457 enom
289 443 302 457 a
323 442 365 457 non

154 463 270 484 cond-nnu-
357 474 365 479 -

154 496 201 510 nere
214 490 278 515 fisicn,
311 494 321 497 ‘¹

150 965 172 978 se
186 965 227 978 non
241 959 290 979 vuol
306 959 360 980 dive-

151 985 194 1005 nire
201 985 241 1012 egli
248 986 360 1018 medesimo

148 1013 360 1071 anastaxi}

150 1071 232 1087 amum.

167 1357 240 1377 Insiste
248 1358 308 1378 infine
315 1364 358 1385 per-

150 1384 188 1404 :he
203 1384 307 1405 riconoacn
321 1385 358 1405 che

149 1411 163 1431 il
178 1417 216 1431 suo
236 1418 304 1431 amore
324 1418 360 1439 per

149 1437 254 1458 Giovnnm
280 1444 321 1459 non
347 1439 358 1458 ὲ

149 1464 249 1490 virtuoso,

144 2112 169 2132 ed
182 2113 203 2133 iu
216 2114 310 2140 omaggio
324 2114 351 2134 nl·

144 2138 230 2171 l'nffetto
244 2140 268 2160 dn
288 2141 320 2172 cui
340 2142 351 2160 ὲ

143 2166 254 2238 Ξίᾞὶῗ.
262 2167 351 2221 ἔῖιὶῗὲἐζ

163 2225 176 2239 ο
186 2225 205 2239 ι.

392 308 435 341 40
808 300 1153 330 EP1sT0LAR1o

391 429 511 463 derent.
559 439 634 462 cave
660 427 821 460 Venerem
840 425 984 465 damnes,
998 435 1060 468 que
1079 423 1294 468 generationis
1314 431 1362 456 est
1377 421 1522 464 domina,
1540 434 1582 457 ne

390 500 448 521 sue
471 485 642 520 nativitatis
666 495 803 524 memor,
822 494 897 527 que,
915 490 1038 515 resecto
1063 481 1156 522 Celo,

668 569 746 596 Nuda
768 568 937 605 Cytheriacis
957 567 1028 595 edita
1046 566 1127 593 fertur
1149 566 1224 602 aquis
1234 565 1279 599 (¹),

389 669 420 693 te
442 658 560 692 iudicet
582 656 808 696 exsecandam,
833 665 867 689 ut
890 665 923 689 et
945 655 1007 688 tuis
1031 654 1222 699 genitalibus
1246 655 1280 688 in
1304 665 1393 688 mare
1421 655 1581 699 proiectis,

388 717 447 750 hec
468 716 562 749 altera
577 724 630 749 tua
646 715 767 754 Venus,
788 726 885 758 quam
903 713 1012 747 laudas
1032 712 1184 752 sterilem,
1203 713 1490 758 genereturzflimo,
1507 724 1582 757 pro·

389 773 534 807 bantibus
559 773 723 812 universis,
742 783 822 816 quos
847 772 879 804 in
903 782 1013 804 meum
1037 769 1229 814 supplicium
1252 769 1401 810 advocas,
1426 778 1582 814 tanquam

388 832 488 864 amori
512 831 696 871 contrarius,
719 830 773 874 qui
798 829 835 863 ab
859 830 928 873 ipso
952 828 1219 863 coniunctionem
1243 827 1332 862 illam
1357 827 1580 863 delectabilem

388 898 419 922 et
442 888 617 932 prolificam
642 899 758 928 arceas,
775 887 965 927 castrationi,
984 897 1049 931 quo
1073 885 1113 919 de
1133 895 1166 919 te
1186 894 1288 919 cesset
1315 886 1423 920 omnis
1443 887 1581 921 omnino

387 947 532 991 suspitio,
558 946 790 980 condemneris.
837 945 999 979 derideant
1017 954 1047 978 te
1075 945 1218 986 iuvenes,
1238 945 1304 989 qui,
1330 956 1406 979 cum
1434 945 1581 980 sensibus

387 1005 550 1039 trahantur
568 1014 600 1038 et
618 1004 794 1038 secundum
809 1004 972 1048 passiones
988 1003 1109 1042 vivant,
1133 1014 1201 1037 non
1215 1013 1340 1047 putant,
1354 1003 1488 1038 muliere
1502 1015 1580 1039 con-

387 1072 503 1108 specta,
514 1074 610 1107 quam
624 1062 760 1096 intuenti
770 1061 950 1107 pulcritudo
965 1061 1122 1103 conciliet,
1134 1061 1279 1095 membra
1294 1061 1349 1095 illa
1363 1061 1580 1097 inobedientia

386 1133 454 1155 non
473 1121 606 1161 moveri,
623 1133 682 1154 nec
702 1120 828 1154 credere
847 1122 971 1164 possint
997 1120 1107 1154 adesse
1126 1119 1226 1161 illam,
1243 1131 1341 1165 quam
1360 1120 1491 1155 subesse
1509 1133 1580 1166 pte-

387 1178 482 1220 dicas‚
498 1179 692 1213 castitatem:
714 1190 852 1223 cumque
869 1187 899 1211 te
915 1178 1141 1223 perpenderint
1155 1189 1223 1212 non
1238 1189 1418 1220 removere,
1434 1179 1492 1214 sed
1505 1191 1580 1224 pro—

386 1237 493 1270 hibere
517 1249 590 1271 cum
614 1237 676 1270 hoc
699 1246 756 1271 tuo
780 1248 889 1270 amore
914 1236 1134 1277 concubitum,
1153 1246 1196 1278 te,
1221 1246 1256 1271 ut
1278 1237 1444 1282 publicum
1460 1239 1580 1273 amoris

386 1295 522 1337 hostem,
541 1295 676 1329 lacerent
695 1305 726 1329 et
745 1295 932 1339 discerpant.

474 1353 713 1387 Concludamus
745 1354 850 1398 igitur,
876 1355 921 1387 mi
956 1354 1138 1398 Peregrine.
1186 1366 1259 1388 ama
1287 1354 1482 1396 Iohannam,
1506 1367 1580 1390 ama

386 1420 417 1444 et
446 1422 579 1445 omnem
608 1411 794 1445 rationalem
826 1421 1012 1453 creaturam,
1036 1424 1104 1446 non
1129 1412 1169 1446 ad
1191 1413 1436 1455 recreationem,
1458 1413 1515 1448 sed
1538 1414 1579 1449 ad

385 1468 577 1510 felicitatem,
601 1481 666 1503 non
690 1470 736 1503 tui
760 1471 870 1514 gratia,
888 1470 944 1504 sed
963 1470 1043 1512 eius,
1061 1471 1115 1515 qui
1133 1471 1407 1517 contemplatione
1425 1471 1577 1517 diligitur.

384 1527 509 1571 depone
533 1539 675 1561 amorem
699 1529 795 1562 istum
826 1528 983 1563 furiosum
1010 1539 1042 1563 et
1071 1529 1247 1570 turbidum,
1277 1541 1343 1574 quo
1371 1539 1499 1575 tempus
1525 1530 1579 1566 vel

383 1585 486 1626 auxie,
505 1585 531 1618 si
558 1585 644 1618 illam
668 1585 776 1620 videre
799 1598 867 1620 non
889 1598 999 1631 queas,
1024 1587 1174 1632 transigis
1197 1587 1249 1621 vel
1273 1588 1436 1629 inutiliter,
1459 1589 1486 1622 si
1508 1589 1578 1634 ipsa

382 1643 501 1684 fruaris,
526 1644 660 1678 amittis:
685 1654 717 1678 et
741 1657 817 1678 cum
840 1645 949 1679 videas
973 1646 1060 1680 hunc
1086 1658 1232 1681 amorem
1255 1657 1350 1682 tuum
1373 1647 1457 1682 adeo
1479 1647 1578 1682 vehe-

382 1710 536 1742 mentem,
558 1701 645 1746 quod
665 1703 698 1735 in
717 1702 942 1747 tranquillitate
959 1704 1076 1738 mentis
1100 1713 1132 1738 te
1155 1716 1223 1739 non
1247 1705 1421 1746 contineat,
1445 1705 1502 1740 sed
1525 1705 1578 1740 vel

381 1759 534 1803 gestiente
551 1759 652 1793 leticia
668 1761 763 1794 nimis
780 1760 889 1795 efferat
901 1762 953 1795 vel
968 1763 1146 1807 egritudine
1163 1763 1337 1798 effervente
1348 1764 1520 1810 perturbet,
1536 1764 1576 1799 ab

381 1818 570 1861 experientia
589 1817 685 1859 disce,
701 1819 724 1851 si
746 1818 982 1863 deprehendere
1003 1831 1070 1854 non
1097 1821 1203 1855 valeas
1228 1822 1364 1862 ratione,
1383 1822 1490 1867 ipsum
1516 1833 1577 1856 nec

382 1876 530 1909 virtutem
546 1887 613 1910 esse
632 1888 692 1910 nec
708 1878 804 1911 etiarn
825 1889 899 1912 cum
914 1879 1040 1913 virtute.
1087 1880 1188 1914 virtus
1207 1881 1328 1914 etenim
1342 1891 1392 1915 res
1408 1880 1576 1926 tranquilla

380 1942 428 1966 est
450 1942 481 1966 et
499 1945 560 1978 que
575 1946 685 1968 secum
698 1946 764 1968 non
781 1936 959 1977 sensitivas,
979 1936 1035 1970 sed
1052 1937 1292 1979 intellectuales,
1308 1950 1376 1973 non
1393 1949 1504 1980 vanaS,
1517 1939 1576 1973 sed

379 1990 494 2025 solidas
511 1991 618 2025 afferat
633 1992 824 2037 voluptates.
871 1994 1023 2039 quicquid
1047 1995 1137 2029 aliter
1159 2005 1192 2029 te
1216 1996 1353 2030 delectat
1368 2008 1430 2030 nec
1450 1997 1575 2031 virtutis

379 2061 440 2083 nec
462 2051 561 2083 virtus
583 2061 643 2084 nec
666 2051 846 2086 virtuosum
863 2063 932 2086 esse
947 2062 1053 2097 potest
1064 2066 1124 2088 nec
1138 2054 1236 2088 etiam
1250 2066 1326 2088 cum
1338 2056 1465 2090 virtute.
1503 2055 1575 2090 vale

378 2107 454 2141 felix
474 2118 504 2142 et
523 2109 587 2142 mei
605 2120 741 2151 memor,
757 2119 789 2143 et
802 2122 895 2154 parce
918 2111 1124 2156 longitudini.
1171 2125 1211 2146 ex
1231 2112 1426 2148 abundantia
1441 2113 1575 2158 quidem

376 2165 480 2199 cordis
494 2178 530 2199 os
549 2167 688 2212 loquitur
698 2168 733 2195 (²)
748 2177 780 2202 et
795 2180 835 2202 ex
850 2170 970 2203 amoris
996 2169 1208 2205 redundantia
1221 2172 1374 2216 pauciora
1390 2183 1498 2206 meam
1514 2183 1575 2206 vo·

376 2223 529 2258 luntatem
546 2234 587 2266 et,
601 2235 635 2259 ut
647 2226 789 2268 arbitror,
803 2227 959 2270 officium,
971 2240 1039 2262 non
1054 2228 1220 2264 decebant.
1267 2229 1442 2272 Florentie,
1456 2229 1572 2276 quinto

378 2281 501 2316 kalend.
521 2284 630 2318 maias.

429 2390 450 2406 2.
464 2384 519 2407 Cod.
533 2385 618 2408 refecto
631 2386 688 2409 celio
756 2393 793 2417 ²3·
809 2387 866 2411 Cod.
881 2368 982 2417 egi-«itud.

411 2462 452 2497 (1)
472 2463 559 2492 Ovm.
577 2466 623 2502 Ep.
639 2465 701 2501 VII,
721 2467 763 2494 60.
993 2468 1034 2504 (2)
1049 2469 1076 2496 S.
1088 2469 1204 2497 Mar-tn.
1218 2469 1280 2503 XII,
1290 2478 1338 2506 393
1355 2478 1378 2498 s.
1389 2469 1459 2498 Luc.
1469 2469 1569 2506 V1‚45.

1611 1017 1652 1042 10

1609 1307 1648 1341 15

1604 1600 1648 1625 20

1602 1887 1644 1921 25

1603 2181 1646 2216 30
