1682 2762
104 900 144 925 10

102 1303 139 1336 15

96 1670 140 1694 20

0 2418 4 2440 ι

0 2441 11 2479 ι,

0 2529 6 2576 ἑ

0 2577 7 2618 t,

0 2615 6 2657 ἱ

0 2659 6 2684 i

453 236 500 263 m
532 235 797 265 commem
829 236 1096 264 saturn-1.
1306 237 1371 271 497

172 360 332 403 observet,
351 361 491 405 perfecte
515 373 582 396 non
607 362 730 404 calleat,
755 372 809 398 aut
831 363 898 408 qui,
922 374 996 398 cum
1021 363 1061 397 ad
1085 363 1117 397 id
1135 363 1224 408 quod
1248 363 1372 397 nesciat

172 428 365 465 perventum
388 420 439 460 sit,
463 431 531 454 non
555 421 597 454 sit
615 421 743 455 alterius
767 422 841 456 artis
864 421 917 455 vel
935 422 1069 456 scientie
1093 421 1281 466 discipulus,
1303 433 1371 455 non

172 486 278 523 poeta,
303 478 354 512 cui
376 478 404 511 si
427 489 535 512 rerum
560 488 749 513 cunctarum
772 480 891 513 noticia
913 480 1110 524 scientiaque
1134 479 1186 514 vel
1217 491 1256 513 ex
1284 489 1372 524 parte

172 535 321 578 defuerit,
343 547 411 570 non
431 545 527 581 poeta
540 537 727 582 simpliciter
743 537 805 572 dici
820 547 938 582 potest,
957 537 1015 572 sed
1034 538 1276 583 participatione
1292 549 1372 583 qua·

172 594 270 636 dam3
293 594 376 629 sicut
399 594 509 629 beatos
529 606 598 629 esse
622 595 772 636 dicimus,
795 596 850 640 qui
875 607 942 630 non
965 607 1022 640 per
1048 596 1158 630 omnia
1174 607 1249 630 vere
1272 605 1304 630 et
1322 607 1372 630 ra-

170 652 367 687 tionabiliter
388 652 472 687 beati
494 663 580 694 sunt,
608 653 691 688 sicut
710 653 798 688 solus
817 663 866 688 est
889 655 990 696 Deus,
1013 653 1070 688 sed
1095 655 1192 688 etiam
1215 654 1296 695 illos,
1315 654 1371 700 qui

171 721 297 757 partem
312 712 345 746 in
364 711 504 757 aliquam
527 711 730 746 beatitudinis
753 722 829 746 sunt
852 713 984 757 recepti.

238 769 347 805 Credo
369 770 446 804 satis
471 770 593 804 clarum
617 769 760 805 effecisse
783 770 872 816 quod
906 770 1033 805 dubitas
1057 780 1090 805 et
1116 771 1252 804 miraris.
1299 771 1370 806 vale

170 828 268 873 igitur
294 826 371 862 felix
398 837 431 862 et
453 830 516 863 mei
540 840 681 870 memor,
703 841 808 875 queve
838 829 895 863 tibi
920 829 1044 874 pridem
1075 829 1185 874 scripsi
1218 841 1370 874 nuncque

169 886 276 922 scribo
293 898 361 921 non
379 887 504 932 relegas
526 887 645 928 solum,
669 887 725 922 sed
745 888 907 933 decoquas
921 897 953 922 et
967 887 1078 928 nichil,
1093 897 1129 921 ut
1152 887 1296 929 arbitror,
1313 887 1370 922 tibi

170 944 306 980 dubium
321 945 510 980 remanebit.
556 947 725 981 communi
741 945 889 987 domino,
901 958 1000 991 quem
1014 955 1083 980 tota
1097 955 1207 980 mente
1223 957 1370 988 veneror,

169 1014 224 1038 me
245 1014 405 1049 quantum
423 1005 456 1038 in
475 1013 508 1039 te
530 1003 676 1046 fideliter,
695 1014 853 1050 quantum
872 1004 905 1038 in
926 1015 979 1038 me
998 1014 1047 1038 est
1066 1004 1228 1038 humiliter
1244 1016 1368 1039 recom-

169 1061 298 1097 menda.
343 1062 460 1098 iterum
484 1062 564 1098 vale.
611 1062 785 1105 Florentie,
803 1073 897 1097 sexto
917 1062 1069 1097 kalendas
1084 1062 1201 1107 aprilis.

724 1215 818 1250 VIII.

222 1295 254 1330 A
277 1293 452 1330 Toum
475 1295 682 1330 Frrz-Aum
707 1305 940 1330 ncrvascovo
960 1306 996 1330 m
1027 1295 1252 1331 Cam-annun
1263 1296 1310 1330 (¹).

483 1379 541 1415 [ι’.
553 1387 575 1407 c.
588 1387 669 1414 4oa;
684 1379 736 1415 Μ’,
747 1380 860 1414 ε.28Α;
877 1379 926 1413 G¹,
941 1389 965 1408 c.
979 1387 994 1408 a
1007 1380 1047 1416 Α.]

199 1463 483 1500 Reverendissimo
498 1464 579 1509 patri
602 1473 635 1498 et
658 1464 794 1499 domino
817 1463 954 1498 domino
978 1465 1088 1499 Tome
1112 1464 1152 1499 de
1172 1465 1333 1500 Rondello

569 1516 722 1568 episcopo
749 1522 966 1557 Canturiensi.

243 1609 506 1633 nvmuolsstuu
529 1599 562 1634 in
581 1598 714 1634 Christo
743 1609 832 1644 pater
855 1608 887 1632 et
919 1598 1119 1634 nobilissime
1150 1598 1283 1633 domine
1307 1600 1364 1634 mi.

257 1656 359 1692 muln
381 1657 512 1697 vellem,
536 1658 604 1692 imo
632 1666 739 1692 tecum
773 1657 936 1697 haberem,
967 1657 993 1692 si
1021 1657 1155 1692 facultas
1186 1657 1311 1692 adesset
1334 1667 1367 1692 et

169 1714 400 1760 occupationes
422 1714 575 1756 sinerent,
598 1714 764 1750 ventilare.
810 1714 867 1750 sed
889 1715 1046 1760 quoniam
1069 1727 1161 1750 meus
1187 1727 1255 1750 non
1279 1727 1364 1757 sum,

223 1811 383 1842 :meo-213·
399 1811 478 1836 2⁸6¹
490 1812 1229 1842 nonimnomniodozonddloarcbiepineopocnmriend.

165 1852 319 1883 pati-Chr.
373 1851 658 1877 :ml-’onerum

1288 1819 1323 1843 ¹9-
1333 1811 1364 1836 ι’

199 1941 243 1976 (r)
263 1941 288 1968 A
306 1946 380 1968 tono
406 1949 541 1969 avevamo
567 1948 698 1978 suppono
725 1951 741 1970 a

163 1992 190 2020 p.
201 1981 252 2019 360
259 1982 287 2011 di
297 1989 393 2020 questo
402 1983 514 2011 volume
524 1983 575 2012 che
585 1983 742 2012 Tommaso

163 2024 324 2054 ruz-Abin
339 2032 448 2062 potense
465 2027 581 2054 noveni
599 2026 741 2055 aneorn'in

163 2067 249 2102 Italia,
269 2069 380 2105 qnando
398 2069 418 2096 il
441 2069 470 2097 S.
487 2069 525 2105 gli
549 2069 651 2098 dire-se
667 2069 742 2106 quel-

162 2109 315 2147 repimln,
334 2110 384 2139 ebe
408 2112 424 2139 e
447 2111 473 2139 la
497 2119 539 2140 vn
563 2111 607 2140 del
631 2111 677 2140 lib.
692 2112 740 2140 xl.

787 1947 860 1970 coste
879 1941 904 1969 d'
915 1941 1077 1978 xnghiltem
1098 1950 1114 1969 e
1133 1941 1331 1977 precisamente
1349 1950 1365 1969 a

787 1983 966 2019 Ravenspum
991 1983 1170 2018 (Yorkahire).
1207 1982 1230 2010 11
1253 1991 1365 2019 magna-

786 2027 864 2055 nimo
883 2026 986 2064 prelato
1005 2027 1138 2054 assistette
1157 2027 1250 2063 quindi
1271 2035 1366 2063 perso-

990 2069 1077 2078 ...-

787 2113 874 2146 zione,
892 2112 943 2139 che
961 2111 989 2139 fu
1009 2112 1145 2139 chiamata
1163 2120 1179 2139 a
1197 2112 1272 2139 buon
1282 2112 1364 2140 dritto

162 2152 198 2181 ei
206 2160 253 2180 en
267 2152 355 2181 insani
366 2152 487 2190 sfuggito
499 2154 527 2181 di
542 2155 675 2182 memoria
687 2154 740 2182 che

161 2194 199 2231 gli
227 2195 321 2223 norici
350 2195 448 2232 inglesi
478 2203 646 2224 raccontano
677 2206 741 2225 aver

163 2236 317 2266 Torum-so
335 2238 495 2266 nell’emte
513 2239 557 2267 del
574 2240 618 2276 '99
633 2242 740 2276 seguito

161 2279 262 2308 Emito
275 2280 303 2308 di
321 2280 521 2315 Bolimbroeke,
535 2281 605 2310 duca
623 2282 651 2310 di
671 2282 742 2310 Lan-

161 2327 257 2355 euoer.
274 2324 302 2350 in
322 2322 478 2360 Brettagna,
499 2325 597 2352 mersi
618 2333 684 2353 seco
702 2325 742 2353 lui

162 2363 312 2392 imbareato
318 2373 336 2392 a
343 2364 453 2393 Vannes
463 2374 518 2393 con
527 2374 618 2394 scano
625 2367 741 2403 seguito,

786 2156 812 2184 la
830 2157 876 2192 piu
894 2162 1075 2183 avventurosa
1094 2156 1121 2182 di
1140 2162 1240 2192 quante
1258 2155 1278 2183 il
1295 2155 1366 2183 rivo·

785 2199 935 2227 luzionario
955 2207 1042 2235 regno
1067 2199 1170 2235 ingleae
1195 2206 1289 2226 avesse
1310 2198 1365 2226 mai

786 2243 897 2275 vedute3
917 2250 932 2269 e
950 2242 1059 2278 godette
1078 2241 1107 2268 lo
1131 2240 1291 2276 spettacolo,
1312 2241 1364 2268 che

786 2286 855 2313 dove
867 2285 997 2321 tornai-gli
1010 2291 1176 2312 eemmeme
1186 2284 1237 2311 ben
1249 2283 1365 2320 gudino,

786 2326 856 2354 dena
869 2326 984 2354 solenne
994 2325 1170 2361 depositione
1182 2325 1209 2352 di
1220 2325 1366 2358 Riccardo,

786 2375 923 2396 avvenuta
938 2377 954 2395 ι
970 2368 1076 2396 Londra
1094 2367 1114 2395 il
1132 2375 1166 2404 ²9
1181 2367 1335 2400 settembre,
1349 2375 1366 2395 e

787 2410 850 2438 dell’
862 2411 1074 2438 incoronuione
1092 2410 1117 2437 d’
1128 2409 1234 2436 Enrieo.
1279 2409 1367 2437 Ritor-

1222 2475 1252 2503 32

1399 364 1444 389 che.
1452 371 1476 386 ne
1483 372 1495 386 ι
1503 370 1562 386 ιιι-ιω
1570 373 1612 387 non

1414 392 1420 397 “
1465 393 1507 417 επὶ,
1513 394 1559 413 nri
1565 393 1613 414 solo

1398 424 1494 466 :¹25²AE
1503 419 1614 473 ssz⁸2¹¹35¹0¹

1450 1593 1546 1619 Pinnae,

1415 1628 1430 1647 4
1442 1620 1506 1649 april·
1523 1627 1583 1647 ¹4⁰¹·

1420 1656 1462 1678 Bm
1469 1657 1576 1682 vombbo.
1585 1663 1607 1678 κ

1416 1684 1461 1704 iane
1477 1689 1608 1704 noceor-nou

1489 1711 1607 1732 untia-ni

1392 1744 1404 1759 ι
1418 1737 1484 1766 lngo
1498 1743 1539 1758 eon
1553 1737 1590 1763 lui,
