1682 2762
350 230 411 273 184
764 236 1112 264 EPISTOLARIO
1148 235 1150 237 ’

131 365 318 390 Mammas-⁵·
346 373 382 395 ac
406 362 561 401 molestie,
586 373 683 405 quam
708 373 746 394 ex
771 361 829 394 hac
865 372 1035 405 corporum
1065 362 1263 405 separatione
1293 363 1487 406 perpetimur
1510 372 1542 396 et

105 398 165 412 senza
183 392 286 419 s'ndoperl
305 399 317 413 ι

105 418 224 439 “mm“
245 421 250 439 ¹
271 419 316 440 ¹⁰¹⁰
345 419 514 459 habemus3
534 420 601 452 sive
625 419 732 463 potius
757 419 850 452 huius
879 419 1021 452 absentie
1056 428 1182 463 typum,
1207 420 1296 453 cuius
1320 429 1367 454 est
1391 421 1490 462 unita,
1514 421 1541 454 si

104 445 231 471 sentimenti,

346 477 438 510 fuerit
456 477 621 520 presertim
653 476 843 516 diuturnior,
861 487 1040 521 segregare.
1087 486 1298 511 veruntamen
1322 478 1468 512 mordeat
1489 478 1542 512 illa

344 535 416 568 licet
440 544 534 579 atque
559 534 708 578 depascat
732 543 932 568 renascentes
956 534 1015 568 sub
1039 543 1168 579 pectore
1187 534 1302 577 fibras3
1327 545 1430 570 certus
1453 537 1541 570 enim

105 592 173 618 ‘lumi
202 592 316 613 ‘³⁰¹0‘·¹²¹¹⁰
347 603 418 626 sum
441 592 529 636 quod
552 604 633 636 quos
657 592 803 626 absentes
837 604 931 625 verus
967 603 1059 626 amor
1090 592 1268 634 coniunxit,
1290 605 1457 638 nunquam
1488 593 1542 627 ab·
1569 596 1587 628 5

106 618 237 639 immutabili.

346 650 446 683 sentie
470 650 623 683 violentia
646 650 812 694 separabit.
860 662 962 683 unum
978 659 1025 683 est
1039 650 1127 694 quod
1141 661 1255 684 vereor
1267 651 1396 695 quodve
1413 662 1542 685 mecum

346 707 532 751 excogitans
555 706 750 749 reformido3
774 713 848 741 cum
873 708 1016 741 amicicia
1039 719 1124 749 vera,
1147 709 1229 742 sicut
1260 721 1300 741 ex
1332 709 1400 742 sola
1426 710 1542 743 virtute

345 765 496 810 gignitur,
520 765 563 798 sic
587 766 683 799 etiam
707 775 923 806 conservetur,
947 778 988 799 ne
1020 765 1108 810 quod
1140 766 1217 800 false
1245 767 1406 811 opinionis
1431 767 1543 801 umbra

131 827 229 848 Co¹ucci⁰
259 835 315 848 mm-
346 823 506 863 conflavit,
530 823 706 856 deficientis
733 824 765 857 in
793 835 845 856 me
875 824 998 858 virtutis
1029 823 1171 858 absentia
1200 824 1362 859 dissolvat.
1408 836 1541 869 possum

105 856 158 874 terra
167 862 246 882 sempre
255 855 268 875 il
277 862 315 876 suo

105 881 317 944 gff0‘222012“}¹ff;¹3
345 882 431 914 enim
451 881 506 914 tibi
530 881 688 925 spondere
707 878 864 925 quantum
883 882 915 915 in
935 893 988 915 me
1008 891 1055 915 est
1075 882 1328 916 benivolentiam
1347 892 1379 916 et
1397 882 1541 917 dilectio·
1571 891 1611 914 10

104 935 256 987 ἳῖῗζὲξζῑξζῗ*
267 936 316 956 ⁶¹⁶¹·
343 951 419 972 nem
430 951 439 979 ;
463 939 586 972 utinam
609 949 738 982 possem
763 947 794 972 et
817 938 1013 972 amiciciam!
1062 939 1149 974 nulla
1173 939 1304 984 quidem
1333 939 1541 974 resolutionis

344 995 513 1040 trepidatio
526 1007 578 1029 me
594 1005 765 1040 torqueret.
811 996 898 1030 unde
910 1006 942 1030 et
954 1006 1102 1030 notanter
1113 998 1147 1031 in
1167 997 1252 1031 calce
1269 1006 1420 1031 tractatus
1439 998 1540 1031 nostri

345 1055 374 1088 D
386 1066 403 1088 e
442 1066 488 1088 ve
497 1066 535 1088 re
546 1066 590 1088 cu
601 1054 667 1088 ndi
679 1066 696 1087 a
732 1054 814 1088 dixi:
845 1054 998 1099 deprecor
1024 1065 1131 1088 autem
1154 1055 1242 1099 quod
1266 1055 1326 1089 hec
1353 1066 1426 1089 mea
1449 1055 1540 1089 obse-

344 1112 429 1145 cutio
453 1121 678 1156 preceptorum
702 1122 833 1146 tuorum
857 1113 897 1146 sit
925 1112 1009 1156 apud
1042 1122 1074 1146 te
1109 1122 1252 1147 nostre
1284 1113 1321 1147 di
1333 1113 1542 1147 lectionis

344 1170 482 1204 testis:
505 1179 558 1204 tue
581 1170 712 1214 quidem
730 1171 888 1204 iussiones
907 1182 1026 1215 penes
1046 1182 1106 1204 me
1125 1182 1280 1215 semper
1303 1179 1426 1205 erunt
1449 1171 1542 1204 ami·
1572 1184 1609 1216 15

104 1226 141 1246 ⁰¹¹²
164 1226 204 1246 ‘⁰¹³
225 1233 277 1246 ⁸⁰⁰⁰
296 1227 316 1246 ³⁰
345 1240 361 1262 c
372 1229 380 1261 i
391 1229 423 1262 ci
435 1241 452 1262 e
475 1240 495 1262 o
504 1228 523 1261 b
533 1229 566 1261 si
578 1228 597 1262 d
608 1240 625 1262 e
634 1241 648 1261 s
673 1239 691 1261 a
701 1238 713 1262 t
722 1240 742 1273 q
752 1242 772 1262 u
784 1241 800 1262 e
822 1242 841 1262 v
852 1241 868 1261 a
878 1229 898 1263 d
907 1240 924 1262 e
933 1242 948 1263 s
963 1229 1012 1270 (¹);
1037 1229 1210 1263 attribuens
1222 1229 1278 1262 tibi
1294 1241 1418 1263 nomen
1433 1229 1542 1263 amici-

105 1259 153 1273 caso
167 1253 187 1272 di
197 1253 272 1280 largire
288 1253 316 1280 gli

105 1280 184 1299 uomini
199 1280 286 1300 virtuosi
296 1280 315 1300 nl

105 1306 148 1333 μή
162 1306 182 1326 di
196 1306 233 1327 lui,
346 1286 403 1326 cie,
417 1298 478 1331 que
502 1286 589 1320 solos
611 1286 703 1320 decet
717 1287 876 1320 virtuosos
882 1300 892 1328 3
907 1287 1006 1320 michi
1021 1298 1098 1321 vero
1118 1287 1334 1328 dilectionem,
1347 1299 1410 1331 que
1421 1286 1542 1332 perfec-

131 1346 157 1366 ¹⁴⁵
178 1347 225 1367 ⁸⁰⁰³
252 1347 315 1368 ⁸f⁰r²i
344 1344 467 1378 tionem
483 1345 569 1378 illam
584 1345 863 1389 integritatemque
878 1346 1002 1379 virtutis
1018 1356 1085 1379 non
1097 1345 1238 1389 requirit.
1277 1344 1419 1378 conabor
1433 1354 1540 1379 autem

105 1379 140 1400 per
152 1373 272 1394 rendersene
282 1375 316 1395 de-

107 1407 149 1427 8¹¹0
344 1401 481 1442 efficere,
502 1404 609 1447 quoad
644 1404 711 1436 eius
744 1402 813 1436 fieri
845 1403 971 1447 poterit,
1005 1402 1092 1447 quod
1125 1403 1187 1436 sim
1212 1402 1329 1447 dignus
1353 1403 1466 1444 amari3
1489 1403 1540 1437 sin

104 1454 207 1512 ζῇξῗᾞ
216 1455 316 1509 Ρζζξιξζῖῥ
345 1470 451 1494 autem
475 1460 506 1493 id
531 1462 638 1494 minus
657 1460 739 1494 forte
762 1461 957 1502 successerit,
973 1461 1098 1494 annitar
1112 1472 1154 1494 ne
1178 1460 1298 1494 iudicer
1316 1460 1392 1494 odio
1412 1460 1539 1505 dignus.
1568 1468 1610 1492 20

105 1512 176 1532 '¹¹³⁰‘
345 1519 390 1552 tui
414 1518 510 1552 etiam
534 1518 631 1553 officii
654 1518 750 1553 fuerit
773 1519 917 1553 dilectori
940 1528 997 1552 tuo
1025 1519 1127 1552 taliter
1149 1519 1303 1560 assistere,
1328 1518 1415 1563 quod
1439 1518 1483 1552 ita
1504 1530 1540 1552 se

345 1587 519 1620 componat
542 1586 574 1610 et
596 1578 697 1621 possit
716 1578 812 1611 etiam
829 1577 949 1611 amicus
966 1577 1038 1611 dici.
1085 1577 1195 1610 tritum
1209 1577 1330 1610 etenim
1349 1576 1448 1622 vulgo
1468 1588 1539 1621 pro-

103 1647 170 1695 32?ss
178 1642 316 1696 :ggrffilbzess
343 1634 489 1669 verbium
504 1644 566 1669 est:
584 1647 651 1669 non
667 1635 726 1668 sibi
741 1635 811 1676 soli,
829 1646 941 1669 verum
955 1636 1051 1669 etiam
1066 1635 1156 1668 socio
1171 1634 1362 1679 sapiendum
1372 1634 1418 1668 (²³.
1463 1635 1538 1669 satis

103 1695 317 1723 titdssproprwoen·
344 1693 431 1726 enim
455 1693 567 1726 sterilis
587 1702 634 1727 est
653 1694 807 1738 sapientia
826 1703 857 1727 et
873 1694 967 1727 nimis
984 1704 1077 1727 avara
1093 1693 1229 1733 bouitas,
1244 1704 1306 1737 que
1329 1691 1538 1726 solummodo

106 1729 142 1747 no,

343 1752 401 1785 sibi
412 1752 557 1796 prodest3
571 1752 759 1796 pulcerrima
774 1752 904 1796 quidem
922 1752 1088 1792 virtutum,
1102 1752 1170 1785 imo
1187 1751 1241 1785 illa
1254 1752 1406 1785 virtutum
1427 1751 1537 1800 virtus,
1566 1758 1606 1792 25

343 1821 404 1854 que
429 1819 561 1843 cunctos
585 1820 674 1844 actus
698 1819 826 1844 nostros
849 1811 883 1844 in
907 1809 1032 1854 publice
1057 1809 1198 1843 utilitatis
1221 1809 1358 1853 gloriam
1377 1808 1485 1853 dirigit
1507 1817 1539 1842 et

344 1867 383 1902 de
406 1880 470 1912 qua
492 1868 786 1913 Philosophus
810 1869 913 1913 inquit
936 1867 1023 1913 quod
1045 1867 1276 1912 preclarissima
1310 1866 1437 1901 videtur
1468 1878 1538 1900 esse

343 1926 507 1967 virtutum,
525 1935 560 1959 ut
578 1938 683 1970 neque
708 1927 869 1970 Hesperus
894 1938 998 1971 neque
1024 1925 1151 1959 Lucifer
1165 1926 1208 1959 ita
1222 1925 1262 1958 sit
1279 1923 1472 1959 admirabilis
1482 1924 1537 1965 (³);

394 2046 415 2069 9.
431 2040 486 2063 Cod.
501 2041 561 2069 dopo
574 2041 622 2063 abs.
638 2041 768 2069 aggiunge
782 2047 826 2063 non
840 2041 881 2063 che
896 2041 926 2063 ho
940 2046 1070 2069 suppresso.

376 2146 420 2181 (1)
439 2145 495 2172 Son
515 2151 608 2181 queste
633 2145 658 2171 di
682 2144 749 2171 fatto
773 2144 798 2171 le
822 2144 916 2171 ultime
961 2145 1033 2171 tiche
1046 2143 1164 2171 raccolte
1180 2143 1207 2170 di
1219 2143 1352 2180 proverbi.
1387 2142 1411 2170 11
1425 2142 1536 2175 Grusrl,

341 2188 435 2223 parole
451 2187 494 2214 del
513 2192 630 2220 trattato,
646 2186 698 2214 alle
717 2186 789 2222 quali
805 2195 859 2213 non
877 2195 916 2213 se-
960 2187 1038 2214 Prov.
1058 2190 1116 2214 tusc.
1135 2196 1162 2222 p.
1182 2186 1242 2222 296,
1261 2185 1379 2213 riferisce
1397 2187 1464 2221 pero
1483 2193 1535 2212 uua

343 2239 395 2265 gue
414 2230 464 2257 che
483 2229 502 2256 il
522 2229 610 2257 saluto
636 2238 651 2256 e
674 2230 700 2256 la
716 2230 792 2262 data;
811 2238 836 2255 v.
856 2229 915 2256 cod.
961 2235 1086 2256 sentenza
1099 2228 1149 2256 che
1161 2228 1199 2264 gli
1209 2228 1232 2255 si
1242 2227 1535 2263 avvicina:«Bisogna

342 2273 420 2300 Laur.
441 2273 542 2300 Strozz.
561 2272 604 2309 96,
629 2281 651 2300 c.
674 2281 743 2307 39Βς
771 2272 850 2299 Laur.
874 2271 913 2299 Pl.
962 2282 976 2297 «
989 2272 1040 2299 che
1050 2271 1154 2298 ilsavio
1163 2272 1234 2307 porti
1243 2271 1262 2298 il
1273 2278 1356 2306 pazzo
1365 2270 1395 2297 in
1404 2270 1500 2305 ispalla
1510 2280 1534 2296 ²».

342 2315 492 2347 LXXVIII,
515 2323 553 2348 12,
570 2324 592 2342 c.
615 2323 645 2351 19
657 2323 671 2341 Β
688 2316 736 2342 &c.
996 2314 1040 2349 (3)
1057 2314 1196 2341 Amsror.
1210 2313 1267 2340 ΕΗ).
1283 2312 1316 2340 ad
1327 2313 1428 2340 Nicom.
1443 2312 1489 2339 lib.
1500 2312 1535 2345 V,

377 2358 418 2392 (2)
438 2358 483 2385 Ma
503 2357 569 2393 oggi
593 2359 608 2384 e
624 2358 711 2384 uscito
731 2357 756 2383 d'
768 2365 816 2384 uso
836 2359 871 2384 ne
891 2357 916 2384 ci
962 2365 1021 2391 cap.
1036 2364 1060 2389 1;
1082 2356 1113 2383 cf.
1133 2356 1178 2383 lib.
1197 2355 1284 2388 VIIII,
1303 2364 1345 2391 ep.
1364 2363 1393 2387 x,
1413 2363 1437 2390 p.
1457 2363 1489 2390 95
1506 2354 1534 2382 di

342 2408 464 2426 avvenne
483 2400 509 2426 di
529 2399 671 2426 ritrovarlo
693 2408 797 2435 neppur
820 2399 848 2426 iri
868 2408 915 2426 an·
961 2405 1055 2434 questo
1075 2398 1194 2426 volume.
