1682 2762
129 427 146 447 E
156 427 231 454 poiche
242 427 262 448 1·
272 434 316 455 pu·

101 459 123 501 ;‚=
190 454 263 502 2¹:5³2
275 454 317 501 τεέ-

119 488 186 502 nomo
265 488 278 501 n
288 488 299 501 e
310 492 317 497 -

101 508 191 535 ligenzn,
214 509 251 529 che
272 515 316 535 per·

102 540 166 555 mene
186 535 206 555 di
227 536 317 563 primeg-

102 562 161 589 εἰπε
171 569 183 582 ι
192 562 225 582 chi
240 563 259 582 ln
270 568 316 589 pos-

101 589 157 609 niede
172 595 234 609 sovrn
244 589 273 616 gli
288 589 316 609 nl·

101 617 137 640 tri,
153 623 195 636 non
217 617 234 636 si
252 616 316 636 dovd

117 643 220 663 iudicum:
235 643 254 663 la
272 649 316 675 per·

116 671 144 690 itn
172 670 187 690 il
215 676 316 698 peggmre

101 697 133 717 dei
147 696 211 717 mali?

128 724 173 744 Pub
190 723 247 744 forse
267 724 316 744 dii-si

101 757 129 770 un
143 751 194 771 bene
204 751 219 770 il
229 758 272 771 uon
281 757 315 771 cu·

101 778 152 798 ursi
166 778 187 798 di
202 777 275 798 nullu?

127 805 157 825 L·
175 805 240 825 bonu
259 804 315 831 degli

99 832 247 878 gttlilpmmiidli
263 832 315 852 ende

114 865 125 878 ι
151 864 197 879 nno
225 865 236 878 e
254 865 266 879 ι
279 865 315 879 νο-

101 885 160 905 lema
177 893 188 906 e
209 885 264 906 deu-
284 892 317 906 rn-

115 913 172 937 ione,
188 913 235 933 cioe
249 912 282 933 dol
292 913 315 933 li-

114 946 151 960 ero
172 939 270 964 arbitrio;
291 946 315 961 or

100 973 124 986 :e
151 966 158 987 i
187 968 244 994 puli
272 974 314 988 non

101 992 115 1013 1¹
124 993 202 1018 hunno,
213 1000 255 1014 uon
266 1001 315 1022 pos-

101 1026 154 1040 sono
169 1027 218 1041 aver
232 1021 290 1042 bene.

127 1124 161 1145 M·
180 1126 191 1145 ὲ
211 1126 244 1152 poi
266 1132 314 1146 ven

100 1158 172 1179 questa
182 1153 228 1174 loro
235 1159 313 1174 uteru

100 1179 248 1200 indifferent?

127 1206 174 1226 Non
193 1207 262 1227 hanno
277 1214 314 1235 per

99 1233 120 1253 lo
132 1234 166 1260 piu
177 1234 249 1255 invece
259 1241 315 1254 smo-

99 1260 147 1281 dne
162 1261 246 1282 lar-me?
263 1261 314 1282 Non

99 1287 155 1308 fone
175 1288 205 1324 5¹¹
226 1289 262 1308 uni
282 1295 314 1308 nr-

98 1314 156 1335 dono
165 1315 178 1334 d
188 1315 312 1340 ambizione,

98 1341 313 1390 §latitet-52²1?

99 1396 170 1420 scivi-¹

99 1601 167 1621 sicche
182 1601 188 1621 i
202 1601 249 1622 loro
259 1602 312 1622 desi-

99 1627 142 1647 deri
172 1635 252 1649 escono
280 1629 311 1649 dai

98 1654 175 1706 ἱεῦιέῗηί
196 1655 228 1676 del
246 1657 312 1683 possi·

346 287 412 332 488
783 294 1129 323 EPISTOLARIO

345 423 488 458 sentiunt
507 433 567 456 nec
587 431 802 465 cognoscunt.
851 432 990 465 cumque
1010 433 1102 455 mens
1122 423 1246 466 optima
1264 433 1334 466 pars
1354 421 1497 455 hominis
1512 422 1553 456 sit

345 483 476 526 eiusque
505 481 600 525 vigor
627 479 797 513 hominem
824 491 919 523 super
949 479 1118 513 hominem
1147 479 1274 521 evehat,
1298 492 1410 514 nonne
1441 489 1553 514 contra

344 539 431 584 quod
445 539 622 584 pessimum
636 548 684 572 est
697 538 822 572 homini
836 537 897 572 dici
913 538 1008 572 debet
1020 539 1170 580 amentia,
1183 550 1245 583 que
1262 538 1378 583 quibus
1391 539 1553 584 contingit

345 598 496 632 iumentis
527 597 735 641 equiparat(¹)
760 608 880 641 eosque
909 596 968 630 sub
991 596 1134 630 hominis
1168 597 1248 642 rapit
1280 597 1423 631 statum?
1463 596 1551 642 quod

344 656 369 689 si
398 667 465 689 non
494 655 616 689 malurn
649 655 786 695 homini,
813 654 869 689 sed
898 655 1076 699 pessimum
1103 654 1267 688 dementia
1295 665 1353 694 est,
1381 654 1551 699 quomodo

344 724 450 759 potest
477 713 596 748 affectis
619 713 683 748 hoc
707 714 787 747 vitio
811 713 936 748 bonum
960 713 1056 747 esse?
1102 725 1141 747 an
1167 713 1267 747 nichil
1290 724 1399 747 curare
1422 722 1553 758 propter

343 773 517 807 stulticiam
537 772 661 806 bonum
681 773 756 807 est?
802 783 870 806 non
890 782 984 806 certe.
1033 772 1158 806 bonitas
1178 773 1266 806 enim
1286 781 1417 806 actuum
1437 771 1552 806 huma—

344 843 461 866 norum
487 844 527 865 ex
550 841 623 866 actu
643 831 818 865 voluntatis
843 841 874 865 et
897 832 1042 872 rationis,
1065 831 1118 876 qui
1143 831 1280 865 liberum
1305 830 1473 865 arbitrium
1492 840 1551 873 est,

343 889 472 935 pendet,
497 889 586 935 quod
609 889 742 935 quidem
766 901 841 924 cum
861 890 1001 931 amentia
1021 889 1134 934 nequit
1153 901 1233 924 esse.
1280 889 1307 922 si
1326 901 1394 923 non
1418 890 1552 934 cupiunt

343 962 432 994 opes,
447 950 473 982 si
494 961 562 983 non
586 949 734 983 ambiunt
757 948 909 989 honores,
925 949 950 982 si
975 960 1044 982 non
1069 948 1180 982 ardent
1203 948 1336 988 invidia,
1352 949 1378 981 si
1402 948 1551 994 volupta-

341 1008 426 1042 tibus
451 1020 518 1042 non
543 1007 704 1041 irritantur
727 1017 892 1048 amentes;
921 1006 1010 1052 quod
1040 1017 1149 1040 tamen
1173 1008 1312 1041 omnino
1341 1019 1409 1041 non
1434 1007 1550 1050 credo;

342 1078 410 1100 non
435 1078 475 1100 ex
506 1066 665 1100 electione
684 1066 834 1110 provenit
857 1065 910 1099 vel
936 1066 1071 1106 virtute;
1095 1064 1308 1110 quamobrem
1333 1064 1458 1099 bonum
1480 1077 1550 1099 esse

342 1136 409 1159 non
434 1134 551 1169 potest.
597 1124 685 1169 quid,
702 1125 728 1158 si
749 1124 937 1170 negaverim
961 1124 1016 1158 illa
1039 1135 1102 1169 que
1126 1123 1238 1158 dicunt
1261 1133 1294 1158 et
1316 1135 1374 1168 pro
1392 1135 1454 1158 suo
1476 1123 1549 1158 fun-

342 1185 497 1219 damento
530 1184 753 1230 pretendunt?
809 1196 932 1225 nonne,
962 1184 989 1217 si
1022 1193 1134 1218 contra
1166 1183 1372 1228 perstiterint,
1403 1183 1550 1218 edocebo

342 1253 477 1278 cunctos
497 1244 599 1278 ferme
615 1244 671 1288 qui
690 1243 849 1288 desipiant
868 1254 1036 1277 summum
1055 1241 1279 1287 pontificatum
1300 1251 1355 1276 aut
1377 1242 1549 1287 imperium

341 1303 395 1337 vel
415 1303 575 1337 excellens
591 1302 721 1347 aliquod
738 1301 923 1336 dominium
937 1302 1112 1342 somniare,
1125 1301 1178 1335 vel
1195 1301 1228 1335 in
1247 1300 1301 1335 illa
1319 1301 1439 1335 mentis
1449 1301 1550 1336 extasi

341 1374 477 1406 magnas
502 1362 592 1395 aiunt
611 1361 671 1395 sibi
687 1360 794 1395 deberi
809 1361 962 1405 pecunias
981 1360 1033 1394 vel
1052 1360 1092 1394 ad
1112 1360 1246 1394 alicuius
1266 1359 1458 1405 pulcerrime
1477 1371 1549 1394 mu·

341 1420 427 1454 lieris
451 1420 502 1454 vel
534 1420 677 1454 maxime
702 1419 835 1454 domine
858 1419 1069 1454 concubitum
1093 1419 1143 1453 vel
1167 1418 1208 1452 ad
1237 1430 1385 1452 summos
1411 1419 1548 1454 civitatis

341 1479 483 1513 honores
513 1479 603 1524 quasi
637 1478 762 1513 debitos
791 1477 945 1512 evocari?
1001 1477 1118 1511 mirum
1150 1486 1199 1511 est
1221 1476 1330 1511 videre
1359 1477 1464 1512 taliter
1493 1477 1548 1512 de-

1581 670 1597 702 5

1582 963 1622 988 10

1581 1255 1620 1288 15

340 1537 525 1582 sipientium
558 1536 707 1570 fantasias
734 1547 896 1580 quamque
923 1535 1078 1569 tenaciter
1110 1535 1359 1580 imaginationes
1387 1534 1550 1570 affirment
1576 1548 1619 1573 20

340 1607 426 1637 suas,
450 1606 485 1630 ut
516 1595 622 1630 dicere
653 1607 785 1629 necesse
812 1595 853 1629 sit
879 1596 966 1640 ipsos
995 1594 1119 1629 nedum
1144 1594 1198 1629 illa
1225 1595 1466 1639 concupiscere,
1489 1595 1548 1630 sed

340 1665 407 1689 tam
425 1655 571 1689 ardenter
586 1665 707 1700 optare,
722 1654 811 1699 quod
827 1664 915 1688 extra
929 1655 997 1688 veri
1013 1666 1127 1688 sensus
1142 1653 1346 1688 latitudinem
1359 1663 1547 1700 evagentur.

340 1726 424 1748 unus
451 1714 599 1759 reginam
624 1714 766 1748 somniat
790 1713 938 1748 Orientis
952 1713 998 1754 (²),
1026 1713 1105 1747 alter
1131 1714 1242 1747 nescio
1271 1725 1367 1758 quam
1396 1713 1546 1755 satarum,

340 1773 419 1807 alter
433 1773 545 1807 asserit
561 1774 716 1807 Sanctum
733 1773 890 1817 Spiritum
905 1772 964 1806 sibi
980 1772 1078 1817 loqui.
1122 1771 1271 1817 quicquid
1286 1782 1396 1807 tamen
1413 1772 1548 1807 delirent

394 1877 414 1892 ι.
429 1869 460 1892 R¹
476 1876 522 1893 non
536 1876 567 1892 no
583 1871 637 1898 (sic)
695 1877 730 1900 15.
746 1869 776 1892 1³¹
792 1869 908 1899 decipiunt
965 1870 1000 1893 16.
1015 1869 1046 1892 R¹
1062 1873 1126 1892 ment
1141 1870 1196 1898 (sic)

967 1966 1125 1993 «canterini
1137 1976 1163 1998 ιο,
1183 1965 1244 2000 che,
1262 1966 1417 2002 stipendiati
1435 1966 1481 1994 dal
1499 1975 1546 1994 co-

966 2016 1058 2041 mune,
1070 2007 1258 2043 rauegmvano
1268 2007 1305 2044 gli
1314 2008 1400 2035 animi
1409 2008 1452 2036 de’
1461 2008 1546 2044 priori

339 1968 440 1994 dettata
459 1975 513 1994 una
533 1966 776 1994 declamazionein
788 1966 831 1993 cui
844 1974 921 2002 pren-

338 2010 406 2037 deva
415 2011 442 2037 in
453 2018 543 2037 esame
553 2009 570 2036 l'
578 2009 707 2045 opinione
715 2009 742 2036 di
751 2009 846 2042 taluni‚
860 2009 919 2042 che,

338 2053 518 2089 precem-endo
525 2052 648 2085 Erasmo,
655 2057 796 2079 tessevano
806 2051 919 2088 l‘elogio

337 2095 408 2122 della
427 2095 526 2131 pazzia.

373 2139 416 2173 (1)
436 2136 479 2165 Cf.
501 2137 593 2164 Psalm.
612 2136 737 2170 XLVIII,
759 2145 788 2171 13
810 2146 826 2164 e
845 2145 888 2164 21.

373 2181 416 2216 (2)
436 2180 463 2208 Ο
477 2180 504 2207 vi
518 2180 556 2207 sia
569 2179 616 2216 qui
629 2188 682 2206 una
696 2188 765 2216 vaga
785 2179 918 2207 allusione

337 2233 351 2251 a
371 2223 433 2259 que’
451 2222 587 2250 fantastici
611 2223 742 2256 memmi,
762 2224 805 2250 cui
828 2223 916 2250 Anto-

336 2267 383 2294 nio
408 2267 501 2300 Pucci,
517 2267 662 2294 scrivendo
686 2266 704 2293 1’
713 2267 831 2294 Historia
851 2266 915 2294 dalla

337 2310 408 2337 nina
426 2309 450 2336 κί’
457 2309 567 2343 Oriente,
581 2317 667 2336 aveva
684 2308 801 2345 qualche
819 2308 914 2336 decen-

335 2352 384 2378 nio
403 2351 490 2388 prima
509 2352 572 2379 data
591 2356 667 2378 veste
686 2351 816 2387 poetica?
849 2351 914 2378 Non

337 2394 351 2419 ὲ
367 2393 538 2428 impossibile
557 2393 644 2420 infatti
663 2393 713 2420 che
723 2392 748 2420 le
761 2401 810 2419 sue
823 2398 914 2420 stanze

336 2435 442 2462 fossero
470 2436 563 2471 giunte
590 2435 775 2463 all’orecchio
803 2435 830 2463 di
859 2436 915 2464 Co-

336 2478 433 2510 luccio,
461 2480 573 2506 recitate
593 2479 626 2505 da
646 2478 781 2512 qualcuno
801 2479 826 2506 di
852 2479 913 2515 que'

965 2051 1052 2078 seduti
1073 2060 1088 2078 a
1108 2059 1220 2084 mensa;
1237 2051 1270 2079 cf.
1289 2051 1324 2079 La
1333 2052 1415 2088 poesie
1426 2052 1546 2079 sullana-

965 2098 1023 2121 tura
1045 2094 1105 2121 della
1122 2094 1209 2130 fruita
1230 2104 1243 2121 ι
1267 2095 1278 2121 ἰ
1300 2095 1426 2122 cantarint·
1445 2094 1484 2122 dal
1504 2103 1546 2123 eo-

964 2146 1038 2164 mune
1047 2137 1188 2168 diFircnze
1207 2137 1246 2164 nel
1269 2137 1389 2164 Trecenta
1407 2138 1435 2164 in
1453 2137 1546 2165 Giom.

962 2183 1022 2208 κίον.
1039 2179 1063 2207 d.
1083 2180 1132 2207 len.
1158 2180 1214 2207 ital.
1241 2180 1317 2216 1892,
1336 2179 1411 2212 XIX,
1434 2188 1463 2215 55
1484 2189 1542 2217 sgg.

963 2222 1099 2251 Coluccio
1119 2231 1165 2250 era
1183 2231 1275 2260 spe-se
1298 2223 1372 2250 volte
1397 2223 1512 2251 invitato
1526 2232 1543 2251 a

961 2265 1049 2302 questi
1068 2266 1177 2302 pranzi3
1193 2274 1209 2293 e
1224 2265 1296 2293 nelle
1306 2265 1544 2298 Deliberazionidei

958 2309 1056 2344 signori
1063 2318 1076 2336 ε
1089 2309 1175 2344 collegi
1184 2317 1294 2336 oecon-e
1305 2308 1543 2345 frequentemente

959 2351 985 2378 la
1007 2351 1162 2378 «licentia»
1182 2351 1371 2387 accordatagli
1389 2351 1543 2379 d’interve-

959 2394 1038 2420 nirvi.
1077 2393 1120 2421 ef.
1137 2395 1192 2421 cosi
1207 2394 1276 2429 Sign.
1296 2404 1308 2421 ι
1327 2394 1382 2421 coll.
1399 2393 1433 2421 26
1443 2393 1542 2429 luglio,

960 2444 994 2472 29
1013 2437 1099 2472 luglio
1121 2437 1205 2472 13893
1227 2445 1268 2469 12,
1290 2444 1330 2470 14,
1346 2445 1386 2473 19,
1402 2444 1436 2463 22
1447 2445 1540 2464 marzo

963 2488 1026 2516 1391
1048 2479 1098 2508 ἃς.
