1682 2762
104 498 139 512 mn
161 491 181 511 la
204 491 318 515 diacoi-din,

105 518 125 538 dl
139 519 171 539 cui
186 518 203 538 si
217 519 317 545 lugnano,

105 545 187 566 fervevn
210 544 265 565 forse
286 549 318 564 tra

106 572 135 592 lui
148 579 160 592 e
175 571 236 598 quelli
251 571 287 591 che
298 571 318 591 lo

105 598 235 646 {55:3¹2}ss
254 598 318 645 ..2312

106 653 140 673 nel
155 653 241 673 vecchio
260 652 318 672 chio-

106 685 150 700 stro
164 679 278 700 concordi?

134 783 197 803 Certo
213 782 233 802 ln
242 782 319 802 delibe-

107 811 190 830 rnzione
210 809 255 829 loro
276 816 319 829 non

107 839 118 857 ὲ
133 842 180 857 unta
190 836 223 856 nel
234 836 319 863 grembo

107 864 160 884 della
169 864 232 884 carita
237 870 243 888 ς
253 863 318 890 l’ope-

107 898 128 911 τι
137 891 183 911 loro
192 891 236 910 ura
246 890 318 917 quindi

107 918 232 942 infecundu;

109 1082 120 1095 e
134 1076 154 1095 la
167 1076 321 1102 congreguion

108 1109 176 1123 nuova
195 1103 212 1123 si
230 1102 323 1123 :cinderi

108 1136 168 1150 eon-ie
182 1129 197 1149 l'
206 1130 280 1150 antica.

136 1362 153 1387 E
167 1374 229 1388 senza
245 1366 322 1387 dubbio

109 1395 203 1415 l'unionc
212 1401 252 1414 una
261 1394 323 1418 virtu,

110 1547 143 1560 ma
166 1546 208 1559 non
232 1539 243 1559 ὲ
266 1538 324 1558 des'sa

109 1568 175 1594 degn-
197 1566 217 1586 di
230 1565 278 1586 lode
293 1570 325 1584 tn

110 1595 181 1622 pochi,
204 1593 263 1613 benzi
293 1596 325 1612 tra

110 1621 185 1645 moltig

111 1726 153 1740 non
163 1718 221 1740 v'ern
228 1721 323 1745 pemmo

111 1747 197 1773 ugione
225 1744 264 1764 che
292 1743 324 1763 fri

110 1772 212 1794 Raffaello
220 1771 323 1792 abbando-

110 1806 171 1820 nnsse
186 1799 200 1819 il
213 1802 323 1822 convento.

110 1827 145 1848 ον’
157 1833 192 1846 ern
211 1830 266 1846 suto
287 1830 324 1844 nu·

110 1854 173 1878 drito,

111 2010 209 2031 viola-ndo
219 2010 225 2029 i
235 2008 323 2036 precem

111 2037 145 2057 de’
156 2037 204 2057 suoi
213 2036 323 2063 superiori,

347 245 412 279 574
770 241 1119 271 EPISTOLARIO

346 380 475 402 causam
501 367 661 401 declarant
685 368 883 411 apertissime
914 379 1011 412 quam
1038 368 1170 412 predixi.
1217 368 1375 402 unitatem
1399 368 1546 413 quesive-

346 437 420 461 runt
439 436 536 466 extra,
557 438 654 471 quam
670 427 769 467 intus,
789 427 920 468 scilicet,
936 439 1004 460 non
1021 426 1191 460 habebant.
1238 426 1294 460 sed
1319 426 1379 467 dic,
1396 426 1548 460 obsecro:

346 495 416 519 tum
442 497 516 518 cum
540 484 600 518 illis
624 485 718 518 eratis
742 485 775 518 in
797 484 944 525 claustro,
960 496 1041 518 num
1065 484 1194 518 insimul
1216 484 1255 518 ad
1279 485 1432 525 invicem,
1452 496 1492 518 an
1509 484 1548 518 ab

347 543 413 576 aliis
438 542 661 576 dissidebatis?
707 542 745 576 ab
770 542 836 576 aliis
860 543 1002 576 arbitror.
1050 544 1132 577 inter
1150 543 1347 577 discessuros
1373 543 1461 576 enim
1483 552 1550 576 erat

346 613 474 635 summa
487 601 602 635 saltem
615 601 654 635 de
671 600 866 635 discedendo
883 601 1067 643 concordia,
1083 613 1144 635 nec
1159 601 1199 635 de
1215 601 1411 635 discedendo
1428 601 1548 643 solum,

346 660 402 694 sed
427 660 466 694 de
490 659 714 694 obstinationis
742 660 975 704 perseverantia
1006 669 1078 705 post
1108 660 1295 694 discessum.
1343 660 1452 694 nescio
1472 659 1549 704 quid

348 719 439 753 vobis
454 719 512 752 erit
523 719 555 752 in
568 728 734 763 posterum
750 720 886 752 summis
904 719 1078 753 artificibus
1095 718 1280 753 dissidendi.
1321 730 1424 752 unum
1443 718 1549 752 audeo

347 778 415 811 sine
426 777 625 811 dubitatione
638 777 810 821 predicere,
820 777 908 822 quod
923 778 1075 823 quicquid
1088 779 1121 811 in
1134 778 1264 811 caritate
1275 777 1415 822 proximi
1427 777 1549 811 factum

347 848 414 869 non
445 845 492 870 est
520 848 560 869 ex
584 837 657 870 Deo
682 848 749 870 non
775 847 833 877 est,
858 847 890 871 et
914 848 1013 870 omne
1036 836 1124 881 quod
1149 849 1188 870 ex
1213 838 1286 870 Deo
1311 848 1379 870 non
1403 845 1452 870 est
1474 847 1549 870 eva-

349 903 465 928 nescet.
513 894 713 929 dissidebatis
733 896 766 928 in
786 896 895 929 matris
921 905 1026 929 vestre
1061 895 1206 939 gremio;
1230 894 1309 940 quid
1339 894 1431 928 vobis
1458 903 1548 928 extra

348 954 509 998 gremium
529 953 672 988 futurum
690 965 760 988 esse
778 953 936 998 speratis?
982 966 1021 988 an
1038 953 1216 988 firmiorem
1235 953 1403 988 custodem
1419 953 1550 987 uniatis

350 1013 466 1056 putatis
489 1012 590 1046 filiam
620 1012 688 1046 fore
720 1025 819 1058 quam
853 1013 1015 1047 matrem?
1061 1025 1101 1046 an
1124 1012 1213 1057 quod
1244 1011 1361 1047 fecistis
1390 1013 1423 1046 in
1456 1011 1551 1046 viridi

351 1081 419 1104 non
434 1070 553 1112 facietis
566 1072 600 1104 in
613 1071 766 1105 arido?(¹)
811 1071 899 1116 quod
914 1071 1059 1105 invenire
1074 1071 1126 1105 vel
1141 1070 1266 1105 efficere
1282 1070 1429 1115 potuistis
1443 1069 1477 1104 in
1492 1069 1553 1103 do-

351 1139 470 1173 gmate,
490 1129 558 1163 imo
583 1138 693 1163 contra
717 1129 838 1174 dogma
862 1130 1043 1163 centenarie
1075 1130 1215 1170 unitatis,
1239 1140 1349 1163 nonne
1381 1128 1549 1173 continget

352 1186 443 1220 vobis
467 1188 499 1220 in
524 1188 776 1232 congregatione
799 1199 898 1232 quam
923 1187 961 1220 ab
986 1187 1052 1221 aliis
1076 1186 1234 1221 dissensio
1258 1185 1440 1231 separavit?
1481 1195 1550 1219 non

352 1255 399 1279 est
422 1257 501 1290 pura
525 1255 556 1279 et
579 1246 784 1280 immaculata
815 1246 1001 1279 coniunctio
1025 1257 1088 1290 que
1109 1245 1148 1279 de
1168 1244 1376 1290 separationis
1399 1242 1550 1278 scandalo

351 1305 391 1338 sit
415 1314 536 1338 exorta.
583 1305 691 1338 exolet
713 1304 817 1338 fecem
841 1305 944 1349 prime
968 1304 1193 1349 corruptionis,
1218 1314 1278 1337 nec
1301 1302 1408 1337 solum
1433 1301 1552 1342 exolet,

351 1362 407 1396 sed
430 1363 519 1407 sapit.
567 1364 635 1397 scio
658 1363 758 1407 quod,
781 1363 863 1396 sicut
886 1363 991 1396 unitas
1010 1363 1111 1396 virtus
1136 1371 1194 1403 est,
1219 1362 1265 1395 sic
1284 1361 1400 1395 divisio
1416 1360 1553 1402 vitium;

350 1421 432 1454 sicut
451 1420 716 1454 commendabilis
736 1421 800 1462 illa,
813 1422 860 1454 sic
875 1420 1130 1465 reprehensibilis
1147 1429 1195 1454 est
1211 1430 1243 1454 et
1257 1421 1335 1461 ista;
1351 1419 1433 1453 sicut
1455 1418 1552 1452 habet

351 1479 402 1512 illa
415 1479 576 1521 meritum,
589 1479 634 1513 sic
647 1488 678 1513 et
689 1479 749 1512 ista
762 1479 977 1514 damnationis
992 1478 1142 1513 horribile
1155 1477 1415 1512 fundamentum.
1447 1477 1553 1512 unitas

352 1547 460 1572 autem
479 1550 539 1572 nec
557 1537 684 1572 iubetur
701 1550 762 1572 nec
781 1537 1048 1572 commendabilis
1067 1547 1116 1572 est
1136 1550 1209 1572 cum
1229 1538 1350 1583 paucis,
1369 1537 1463 1571 sicuti
1481 1536 1553 1581 glo-

351 1597 448 1638 riaris,
464 1609 531 1631 non
549 1597 646 1631 etiarn
663 1609 737 1631 cutn
753 1597 871 1639 multis,
886 1597 943 1631 sed
958 1597 1066 1631 solum
1082 1606 1114 1631 et
1133 1597 1227 1642 plane
1243 1608 1318 1631 cum
1334 1595 1486 1630 omnibus
1497 1596 1562 1640 qui·

351 1665 427 1689 sunt
450 1655 594 1690 eiusdem
618 1656 810 1696 vocationis,
841 1667 904 1700 qua
933 1667 1045 1690 sumus
1069 1667 1184 1690 ornnes
1209 1655 1318 1689 fratres
1350 1656 1383 1688 in
1410 1655 1553 1705 Christo.

351 1725 412 1748 nec
446 1715 514 1748 scio
546 1714 653 1748 videre
687 1714 863 1748 rationibus
896 1715 1007 1748 vestris
1040 1714 1187 1748 modum.
1243 1714 1337 1748 eratis
1367 1714 1401 1748 in
1431 1710 1553 1748 unitate

352 1781 383 1805 et
406 1784 482 1816 pace
507 1784 582 1806 cum
606 1773 726 1813 multis,
751 1785 833 1817 quos
853 1773 1020 1806 vobiscum
1046 1772 1133 1807 idem
1151 1771 1365 1818 professionis
1390 1772 1551 1817 chirogra-

351 1831 465 1875 phum,
488 1831 575 1865 idem
599 1841 631 1865 et
649 1831 708 1865 sub
733 1831 855 1866 eisdem
880 1831 1006 1876 prelatis
1030 1832 1208 1873 servitium,
1233 1831 1332 1876 longa
1349 1831 1553 1865 conversatio

352 1890 435 1923 etin
459 1891 533 1923 Deo
557 1889 750 1924 familiaritas
774 1890 1008 1925 conciliaverat.
1056 1891 1095 1924 ab
1127 1890 1187 1924 hac
1219 1890 1398 1924 multorum
1429 1890 1552 1924 unitate

351 1948 422 1992 quis
437 1957 468 1981 te
489 1947 620 1982 divisit?
664 1949 735 1993 quis
754 1949 826 1982 illos
841 1957 914 1982 tuos
931 1949 1010 1983 alios
1026 1949 1206 1994 separavit?
1250 1960 1319 1982 non
1339 1948 1463 1993 expulsi
1481 1947 1553 1992 qui-

352 2005 427 2040 dem
451 2007 536 2047 estis,
560 2007 617 2040 sed
639 2008 822 2048 recessistis,
846 2007 903 2042 sed
918 2007 1096 2053 aufugistis.
1144 2019 1212 2042 non
1231 2007 1331 2041 valuit
1353 2007 1466 2052 prelati
1483 2018 1555 2041 mo-

351 2066 456 2100 nentis
475 2066 646 2100 auctoritas
671 2066 722 2099 vel
746 2066 943 2110 prohibentis
966 2067 1148 2111 imperium,
1174 2078 1241 2100 non
1271 2066 1399 2100 valuere
1423 2065 1550 2100 confra-

407 2187 450 2203 1-2.
464 2180 482 2203 A
496 2180 528 2203 dd
541 2187 585 2209 per
598 2187 681 2203 errore
693 2181 733 2203 det
744 2181 836 2210 copim:
850 2181 953 2210 ripetuee
967 2182 989 2203 le
1001 2182 1085 2210 parole
1097 2181 1374 2210 apertissime-habebant
1415 2180 1470 2204 MC
1482 2187 1554 2210 quu-

351 2221 437 2243 sierum
491 2220 510 2244 3.
527 2220 607 2243 Invece
620 2221 646 2243 di
659 2225 707 2243 tum
722 2221 732 2242 ι·
744 2221 812 2243 codd.
826 2220 907 2243 άὰηιιο
920 2225 945 2243 tu
1001 2227 1022 2249 5.
1038 2221 1085 2243 Per
1099 2221 1222 2244 concordia
1237 2220 1269 2244 6¹
1285 2227 1359 2244 avem
1372 2221 1454 2243 ser-itm
1467 2221 1556 2244 discor-

351 2261 401 2283 diae
410 2262 452 2283 che
462 2261 574 2284 cancello.

355 2301 389 2324 18.
405 2300 437 2324 G¹
453 2300 506 2330 quia

633 2268 667 2283 ιο.
681 2261 700 2283 Α
715 2261 776 2290 quod

561 2307 596 2324 αι.
613 2300 644 2324 G'
660 2300 719 2324 sicut

847 2268 879 2284 12.
894 2260 990 2290 putatis]
1005 2261 1082 2284 Lim-C
1094 2261 1199 2290 puritatis

773 2307 807 2330 ²7.
823 2300 855 2324 Gr
870 2301 1017 2324 universitate
1072 2307 1110 2330 ²9-
1124 2301 1142 2323 Α
1158 2301 1249 2330 fugisti·

1263 2267 1300 2289 14-
1316 2260 1352 2283 Μ’
1359 2259 1391 2284 G¹
1406 2260 1550 2284 centenno-ie

389 2422 432 2458 (1)
452 2422 496 2451 Cf.
515 2431 536 2451 s.
557 2423 628 2451 Luc.
646 2423 747 2458 XXIII,
767 2432 796 2459 ³¹

1583 899 1623 923 10

1584 1191 1623 1225 ¹5

1582 1777 1622 1810 25

1583 2068 1626 2103 30
