1682 2762
345 199 411 241 644
777 204 1121 233 EPISTOLARIO

126 337 195 358 Vuole
215 337 256 366 egli
278 345 315 358 orn

98 365 246 385 ruccomzndar
261 364 316 385 liser

100 391 240 412 Francescodi
268 392 316 412 nuni

99 420 124 440 dn
139 420 259 444 Aucarano,

348 331 490 365 crebrius
504 342 602 375 quam
619 330 746 374 cupiam
762 339 816 363 aut
831 329 943 364 deceat
961 330 1191 374 occupationis.
1229 329 1363 373 proinde
1382 340 1433 363 ser
1450 329 1549 363 Fran-

348 391 468 424 ciscum
495 389 619 423 Vannis
644 388 683 422 de
703 388 899 422 Ancharano
923 387 1021 421 michi
1046 398 1162 422 notum
1186 387 1260 421 fecit
1283 386 1427 421 officium
1450 386 1551 432 quod,

347 457 382 482 ut
405 448 498 481 miles
523 446 640 488 socius,
675 458 750 480 cum
774 455 934 491 potestate
957 455 1065 480 nostre
1097 446 1232 480 civitatis
1260 455 1407 487 exercet3
1441 457 1552 480 carum

346 516 465 547 autern,
490 506 558 539 imo
584 505 799 546 carissimum,
825 504 927 539 multa
946 505 1006 538 viri
1032 504 1142 546 virtus,
1157 515 1256 548 quam
1279 503 1475 548 quotidianis
1497 515 1552 538 ex·

346 564 508 608 perientiis
533 563 699 608 hucusque
722 575 778 608 pre
798 575 832 597 se
852 563 934 597 tulit.
981 563 1044 604 hic,
1061 573 1096 597 ut
1115 561 1223 603 audio,
1243 563 1353 596 nescio
1369 561 1459 607 quod
1481 561 1552 595 offi-

346 623 432 656 cium
458 623 490 655 in
515 623 646 656 Lucana
671 622 802 655 civitate
825 623 985 666 procurat.
1033 631 1064 655 et
1083 621 1159 666 quia
1182 632 1258 655 vere
1278 620 1395 665 dignus
1419 629 1478 660 est,
1502 620 1554 654 cui

345 682 444 715 etiam
475 682 618 714 maxime
652 689 756 725 partes
788 681 1007 725 cuiuscunque
1041 679 1212 725 reipublice
1243 679 1500 720 committantur,
1521 687 1554 712 te

345 749 496 785 rogatum
520 739 630 780 velim,
654 749 826 784 quatenus,
849 739 875 772 si
904 738 962 773 tibi
985 750 1078 773 mens
1101 748 1150 772 est
1173 738 1255 772 bene
1278 749 1373 782 super
1395 748 1437 772 eo
1465 735 1555 782 quod

346 799 502 833 desiderat
521 799 621 843 patrie
645 798 807 843 provideri
827 798 990 843 michique
1009 797 1145 843 placere,
1168 797 1238 839 sibi,
1253 808 1319 842 quo
1337 797 1405 830 voti
1417 806 1555 841 compos

347 857 412 899 fiat,
437 857 600 891 favoribus
624 858 687 891 tuis
713 858 851 891 assistas.
898 857 1077 902 gloriosum
1096 855 1248 901 equidem
1267 854 1368 889 michi
1386 853 1555 899 reputabo,

347 904 530 950 sssuarum
550 916 706 950 virtutum
733 916 854 949 meritis
878 915 998 960 aliquid
1016 914 1135 949 favoris
1150 926 1204 948 me
1220 914 1377 948 senserim
1391 912 1555 947 adiecisse.

349 974 418 1008 vale
449 974 514 1007 mei
541 985 670 1008 mernor
693 982 725 1007 et
754 974 923 1008 communi
948 973 1084 1008 domino
1111 984 1210 1018 quam
1235 971 1405 1006 efficaciter
1429 981 1558 1006 recom-

350 1032 478 1066 menda.

418 1092 570 1125 Dicerem
595 1090 636 1125 de
664 1091 808 1125 Nonio
838 1090 1048 1125 Marcello
1075 1089 1164 1135 quod
1188 1090 1295 1134 cupio,
1313 1089 1375 1123 nisi
1395 1087 1558 1123 novitates

351 1151 404 1184 ille
436 1150 614 1184 domestice
643 1149 839 1194 perficiende
866 1150 911 1184 rei
935 1161 1038 1195 spem,
1062 1161 1103 1183 ne
1131 1148 1238 1183 dicam
1258 1148 1431 1189 auferrent,
1451 1146 1559 1181 valida

353 1210 590 1244 coniectatione
615 1209 784 1244 differrent,
832 1209 865 1243 id
890 1220 999 1244 tamen
1027 1209 1078 1250 sit,
1106 1208 1253 1250 obsecro,
1276 1207 1332 1242 tibi
1359 1219 1445 1242 cure.
1483 1206 1560 1241 Flo-

354 1269 469 1310 rentie,
493 1278 608 1314 quarto
628 1268 756 1302 decimo
781 1267 908 1302 kalend.
929 1267 1126 1301 novembris.

102 512 166 526 uomo
177 505 196 525 di
207 504 274 524 molto
282 511 316 524 vn-

102 533 153 556 lore,
182 532 219 552 che
247 531 318 551 brume

102 566 150 580 aver
164 566 192 579 un
211 558 280 579 ufficio
296 558 317 577 in

102 587 178 607 Lucan.

129 627 155 647 Se
171 626 185 646 1¹
192 627 278 650 onem,
295 632 316 645 se

103 661 129 674 ne
143 654 244 674 mostrerd
258 657 316 673 certo

103 681 141 702 beu
157 682 232 709 degne,

104 857 129 877 ed
144 856 185 884 egli
199 856 246 876 sara
267 855 318 875 lieno

106 884 126 904 d'
138 890 186 905 aver
208 887 319 910 cooperato

106 919 117 932 n
131 910 227 938 fnrglielo
246 915 319 930 conse-

106 938 172 966 guire.

135 1091 170 1112 Gli
200 1095 322 1111 rmmente-

108 1119 169 1139 rebbe
200 1125 278 1138 aucor-
307 1117 320 1137 il

109 1146 227 1166 desiderato
251 1144 322 1165 Nonio

110 1173 216 1196 Marcello,
236 1178 259 1191 se
279 1178 323 1191 non

109 1205 198 1220 temesse
209 1199 247 1219 che
256 1205 323 1219 recen-

110 1228 127 1247 ti
142 1227 188 1247 fani
203 1226 292 1246 abbiano
302 1232 324 1245 se

111 1261 155 1274 non
169 1253 223 1274 tole·
232 1258 324 1273 scemat-

111 1282 131 1302 ln
175 1280 277 1301 ouibilita
304 1280 323 1300 di

112 1314 160 1329 ner
169 1315 190 1329 ο.

911 1410 1006 1444 ΧΙΙΙ.

622 1492 651 1524 Α
676 1491 863 1525 Domemco
889 1490 1032 1524 annu
1055 1489 1088 1523 θ’
1103 1489 1235 1523 Ακεῑῑο
1251 1488 1298 1524 (’).

858 1570 916 1607 [Ρη
935 1580 959 1599 c.
977 1571 1009 1606 58
1022 1570 1060 1606 a]

176 1673 271 1696 nanze,
684 1653 843 1698 Magistro
867 1653 1045 1687 Dominico
1065 1651 1104 1686 de
1123 1650 1250 1686 Arecio.

120 1707 141 1721 ιι
149 1700 261 1721 novembre
271 1705 329 1725 1403.

104 1740 276 1788 ·d;¹³13{,¹m³{„{'2¹0⁶
284 1740 331 1790 5¹3?
361 1743 585 1828 NUNQUAM
598 1736 746 1780 quiescis,
760 1735 807 1768 vir
820 1734 921 1768 multe
933 1733 1062 1779 peritie3
1079 1743 1247 1777 nunquam
1260 1732 1409 1777 quiescis,
1420 1732 1564 1776 inquam.

119 1793 332 1842 ἓῖζξξοηζιῑτζξίζῗ
361 1796 364 1798 ’
458 1805 585 1838 semper
609 1794 699 1827 enim
723 1803 776 1827 aut
796 1793 876 1837 legis
904 1801 959 1826 aut
982 1790 1090 1826 scribis
1115 1799 1170 1825 aut
1197 1789 1291 1824 discis
1314 1800 1370 1824 aut
1393 1789 1491 1823 doces
1513 1789 1566 1824 vel

363 1853 445 1886 inter
469 1852 540 1893 hec,
560 1851 648 1897 quod
669 1851 753 1886 aliud
773 1861 820 1885 est
844 1850 882 1884 ab
902 1851 975 1892 illis,
999 1862 1066 1884 non
1082 1850 1152 1883 sine
1171 1848 1276 1883 valida
1295 1847 1492 1882 dubitatione
1507 1847 1567 1883 du-

119 1849 189 1876 d-gini
204 1854 281 1872 nuove,
291 1848 333 1867 mai

119 1882 163 1896 non
177 1876 239 1896 nbbia
252 1876 278 1895 ne
293 1875 333 1894 rin-

120 1909 185 1930 veuga
199 1903 279 1930 riposo.

418 1969 436 1984 1.
447 1963 479 1985 Ru*
487 1962 579 1984 crebrus
633 1968 654 1984 2.
669 1960 700 1983 R¹
709 1961 740 1984 Ri
754 1960 842 1983 Vaniun
877 1959 908 1982 R¹
919 1960 1067 1982 Anchemno
1118 1957 1179 1988 3.1²¹
1191 1962 1264 1981 vestre
1318 1965 1345 1986 4.
1354 1956 1385 1980 1²¹
1394 1961 1435 1980 ent
1467 1955 1499 1980 1³¹
1506 1957 1568 1987 dopo

363 2003 405 2025 viri
421 2003 451 2025 dei
467 2009 556 2031 semper
570 2003 708 2025 cancellato.
765 2008 788 2030 9.
799 2000 829 2023 R¹
839 2001 870 2023 Ru·
883 2000 996 2030 nichilque
1061 2006 1095 2022 ιο.
1107 1999 1137 2022 R¹
1153 1997 1310 2028 gloriosissimi
1337 1998 1368 2021 Ri
1378 1997 1567 2027 ςΙοΙ-ἰοωιιιιιω

363 2050 400 2074 ²3-
416 2044 481 2072 Dopo
495 2043 576 2066 scribis
590 2043 609 2065 il
621 2043 671 2065 cod.
687 2049 743 2064 νει-α
758 2042 786 2064 ad
801 2042 940 2064 cancellato.

402 2137 440 2171 (1)
457 2136 532 2164 Ecco
553 2136 598 2163 un'
609 2135 678 2163 altra
696 2143 780 2172 prove
799 2134 826 2162 di
841 2140 945 2171 quanto

365 2180 535 2206 asserivamo
553 2180 624 2206 teste
637 2179 676 2214 (p.
690 2177 756 2212 622)
766 2178 879 2214 rispetto
893 2176 945 2204 alla

366 2229 488 2250 costante
508 2222 645 2249 abitudine
659 2222 685 2248 di
701 2227 821 2248 maestro
839 2220 946 2248 Dome-

365 2265 429 2292 nico
449 2266 473 2292 di
487 2264 630 2300 rivolgersi
646 2264 672 2290 al
686 2263 714 2291 S.
729 2263 796 2299 ogni
806 2262 944 2299 qualvolta

366 2308 404 2343 gli
434 2307 577 2334 avvenisse
606 2306 669 2334 nell'
681 2306 870 2333 elaborazione
900 2305 944 2332 del

366 2359 416 2377 suo
437 2351 505 2377 Fons
517 2350 544 2376 di
560 2349 679 2377 rinvenir
689 2349 805 2385 qualche
819 2348 944 2376 ostacolo

366 2393 417 2419 che
434 2392 470 2428 gli
487 2393 622 2420 sbarrasse
637 2391 656 2418 il
668 2391 814 2419 cammino.
853 2390 944 2418 Come

991 2133 1088 2169 prima,
1108 2138 1214 2159 mentre
1226 2131 1372 2158 attendeva
1389 2139 1406 2157 a
1423 2129 1568 2158 rischiaxar

991 2176 1015 2203 le
1036 2175 1136 2211 origini
1155 2175 1188 2202 ed
1206 2173 1227 2201 il
1241 2181 1327 2201 nome
1340 2173 1368 2200 di
1384 2172 1459 2200 Citra
1476 2172 1568 2200 diea-

990 2218 1080 2250 stello‚
1099 2219 1155 2244 cosi
1169 2225 1216 2244 ora
1230 2215 1369 2244 menendo
1381 2223 1466 2242 mano
1479 2223 1495 2242 a
1505 2220 1568 2242 tnt-

990 2267 1048 2288 tare
1068 2260 1140 2288 della
1158 2259 1262 2287 nobilta
1275 2259 1304 2286 in
1317 2258 1381 2295 quel
1393 2258 1462 2285 libro
1473 2257 1569 2285 delvo-

990 2312 1055 2340 pera
1071 2312 1119 2331 sua
1133 2303 1184 2330 che
1204 2301 1256 2329 alle
1275 2301 1346 2328 virtu
1365 2302 1380 2328 e
1399 2300 1534 2332 dedicato,
1547 2298 1569 2326 il

989 2346 1171 2383 grammatico
1189 2345 1294 2372 aretino
1311 2344 1349 2371 ha
1367 2343 1465 2370 voluto
1483 2348 1568 2370 sotto-

989 2398 1068 2426 porre
1082 2389 1108 2416 le
1118 2389 1226 2424 proprie
1239 2386 1439 2414 elucubrazioni
1449 2385 1475 2413 al
1484 2385 1568 2421 giudi-
