1682 2762
98 871 137 895 10

99 1169 135 1203 ¹5

95 1457 138 1482 20

96 1741 136 1775 25

437 212 486 239 DI
517 211 781 240 COLUCCIO
814 212 1083 240 SALUTATI.
1286 216 1350 249 225

162 352 230 376 non
252 342 358 386 potius
380 340 572 375 rethoricam
590 340 653 374 hoc
669 341 782 374 asseris
804 340 986 385 prebuisse?
1030 342 1134 386 primo
1157 350 1275 382 tecum,
1299 340 1354 376 de-
1381 344 1599 399 Ξξξξξὲῗξῗ

162 398 237 432 inde
261 409 334 432 cum
365 397 432 431 aliis
465 397 642 441 disputabo.
688 407 799 431 contra
821 406 853 431 te
875 406 938 431 stat
960 397 1062 431 littera
1085 406 1149 439 tua,
1172 407 1234 432 stat
1256 398 1353 432 etiam
1381 398 1538 446 ”gffigfim
1547 427 1596 447 m*

161 456 230 501 ipsa
257 454 422 500 professio,
445 455 500 499 qui
524 454 687 488 confessus
711 455 764 495 sis,
787 455 856 488 imo
886 464 1089 499 conquestu5‚
1113 455 1201 500 quod
1227 465 1352 500 putares
1380 452 1597 506 ssmffffffffig:

1380 510 1426 526 anto
1442 506 1461 526 ei
1481 506 1595 527 medenimo

163 525 327 548 musarum
350 508 550 547 a'dminiculis
573 521 668 557 atque
691 512 800 554 ductu,
825 521 860 547 ut
881 522 935 547 tua
957 512 1058 547 ferme
1081 523 1222 558 repetam
1246 513 1352 556 verba,
1381 532 1401 552 ἀ»
1421 538 1477 553 „m
1516 533 1594 554 „mo

163 573 203 608 ad
224 573 363 618 aliquem
398 572 559 617 dignitatis
591 571 727 617 gradum
758 571 882 617 agiliter
910 573 1075 616 pervenire
1104 582 1136 606 et
1159 573 1200 606 ob
1224 573 1287 607 hoc
1311 582 1353 614 te,
1381 558 1435 580 Μ’
1448 565 1514 580 ''m“

163 630 334 666 lacteolum
361 629 476 671 adhuc,
501 628 586 663 falsis
612 629 814 664 suasionibus
849 629 1054 671 oblectatum,
1079 630 1118 664 ab
1142 630 1356 664 adolescentia

163 699 327 723 musarum
345 687 461 721 laribus
484 686 700 728 obversatum,
719 697 754 721 ut
775 696 1060 732 quantumcunque
1079 686 1261 731 profeceris,
1281 697 1313 722 te
1336 699 1355 722 a

162 747 295 791 poeticis
315 745 427 780 studiis
451 756 569 789 negare
592 755 660 778 non
683 744 799 779 debeas
828 745 996 788 accepisse.
1042 744 1106 778 hoc
1128 754 1255 787 tecum;
1281 757 1354 780 cum

163 815 238 850 quo,
261 804 351 848 quasi
373 802 548 847 obsignatis
571 802 686 836 tabulis
698 803 744 844 (¹),
766 803 831 836 iam
854 804 1108 837 controversiam
1120 803 1278 847 expedivi,
1294 804 1355 838 nisi

163 863 256 903 forte,
274 861 362 906 quod
385 873 512 895 summe
528 860 610 895 foret
631 861 766 895 levitatis
785 871 818 895 et
834 860 1043 905 impudende,
1063 872 1137 895 cum
1153 861 1269 895 litteras
1284 871 1354 896 tuas

163 929 302 960 teneam,
325 929 379 954 aut
407 931 475 953 non
504 919 663 963 scripsisse
693 928 757 960 aut,
779 919 914 964 quanvis
947 919 1116 963 scripseris,
1143 920 1295 953 erravisse
1323 929 1355 954 te

163 976 399 1012 contradicendi
421 976 526 1010 studio
549 976 712 1010 cavilleris.

229 1037 351 1070 Verum
375 1035 471 1069 etiam
496 1046 570 1069 cum
590 1034 658 1068 aliis
681 1034 774 1068 altior
795 1034 854 1068 erit
878 1034 1061 1079 disputatio.
1107 1035 1188 1069 forte
1213 1035 1354 1080 quidem,
1382 1044 1444 1092 “uffa
1454 1045 1597 1092 uffae-gu

163 1103 199 1128 ut
212 1093 315 1139 ignari
332 1101 455 1137 putant,
471 1092 614 1126 dicerent
627 1091 709 1126 inter
723 1092 869 1126 scientias
886 1092 1046 1136 poeticam
1069 1103 1138 1126 non
1159 1093 1283 1137 reponi,
1298 1092 1355 1126 sed
1381 1078 1454 1151 ἓξὲξ
1465 1099 1508 1146 31„
1519 1079 1597 1147 {effi

163 1151 253 1197 quasi
280 1150 450 1195 profanum
476 1149 594 1194 aliquid
617 1161 636 1183 a
658 1149 836 1183 liberalium
858 1150 973 1184 artium
1001 1150 1138 1194 collegio
1165 1159 1354 1194 separatam.
1382 1152 1469 1172 “³⁸²²‘-

164 1209 251 1255 quod
269 1218 376 1243 autem
395 1219 445 1242 ars
459 1208 510 1248 sit,
529 1209 617 1242 testis
635 1217 685 1242 est
705 1207 976 1253 philosophorum
994 1209 1141 1253 princeps
1154 1208 1355 1250 Aristoteles,
1382 1213 1536 1262 &mg-¹15³&
1547 1216 1597 1263 ξιξε-

164 1267 218 1312 qui
237 1266 277 1301 de
295 1266 362 1311 ipsa
380 1265 553 1310 specialem
566 1274 735 1300 tractatum
749 1264 848 1299 edidit
870 1275 903 1300 et
921 1277 992 1298 eam
1012 1275 1113 1299 artem
1132 1265 1351 1309 componendi
1382 1272 1426 1288 ¹¹¹⁰
1441 1267 1478 1288 ‘¹²²
1492 1267 1594 1290 “⁶0⁴³ss

164 1335 328 1358 sermones
358 1323 545 1368 figurativos
571 1331 603 1356 et
632 1323 899 1367 representativos
932 1322 1081 1357 diffinivit
1104 1323 1285 1367 imaginum
1301 1323 1352 1356 (²):

164 1382 251 1416 testis
274 1390 322 1415 est
343 1391 375 1415 et
400 1379 621 1424 Alpharabius,
644 1382 699 1425 qui
723 1381 847 1425 poesim
873 1381 955 1415 inter
977 1389 1080 1425 partes
1110 1380 1216 1425 logice
1239 1392 1353 1415 nume-
1382 1394 1393 1407 e
1416 1388 1521 1409 contem·
1547 1389 1594 1410 Aba

164 1439 255 1479 ravit,
268 1438 407 1473 adiciens
422 1439 490 1472 eius
505 1438 669 1483 proprium
683 1450 753 1472 esse
764 1438 966 1473 sermonibus
977 1439 1042 1473 suis
1055 1438 1158 1472 facere
1174 1438 1353 1473 auditorem
1381 1414 1596 1468 {ssffrufffflffiss

165 1497 281 1542 aliquid
292 1497 437 1542 pulcrum
448 1497 614 1541 imaginari
626 1496 678 1530 vel
690 1496 811 1537 fedum,
820 1506 855 1530 ut
870 1496 997 1531 auditor
1014 1497 1121 1531 credat
1139 1506 1171 1531 et
1186 1496 1354 1531 abhorreat
1380 1468 1593 1549 Ξῧζζὲξξέἒῗῶ

165 1556 217 1590 vel
235 1564 370 1600 appetat,
382 1555 516 1599 quanvis
535 1554 708 1588 certissime
723 1564 830 1588 teneat
841 1566 909 1588 rem
926 1555 968 1589 ita
984 1567 1051 1589 non
1066 1565 1134 1589 esse
1142 1555 1188 1589 (³).
1234 1565 1266 1589 et
1279 1555 1354 1590 licet

165 1613 228 1648 hoc
246 1625 357 1648 verum
381 1625 450 1647 esse
474 1612 626 1647 confitear
649 1622 680 1646 et
701 1613 824 1657 placeat
852 1613 940 1657 quod
963 1624 1019 1658 per
1040 1613 1352 1658 Philosophum
1380 1615 1466 1663 2¹:552
1477 1622 1595 1669 vggfifgfgf

166 1671 291 1706 dicitur:
320 1680 470 1716 poemata
495 1670 624 1716 quidem
651 1681 720 1705 esse
750 1682 915 1705 sermones
944 1671 1172 1716 imaginativos
1195 1672 1352 1717 vitupera·
1380 1649 1422 1689 ὀἱ

1429 1667 1594 1690 eder-:iocou-

165 1730 262 1765 tionis
281 1730 333 1765 vel
353 1729 542 1764 laudationis
551 1730 596 1770 (⁴),
620 1741 694 1763 cum
718 1729 833 1764 Flacco
856 1738 965 1764 tamen
987 1730 1056 1774 ipse
1080 1729 1258 1764 concludo:

1380 1695 1451 1720 ferm.

377 1819 433 1846 Aut
447 1818 576 1855 prodesse
594 1818 698 1852 volunt,
716 1824 762 1846 aut
780 1818 914 1846 delectare
933 1824 1022 1854 poete,

377 1868 434 1896 Aut
451 1868 531 1896 simul
550 1874 577 1895 et
594 1868 711 1895 iocunda
730 1874 758 1895 et
774 1867 872 1895 idonea
891 1868 982 1896 dicere
999 1869 1053 1895 vite
1062 1867 1111 1901 (5);

217 1985 244 2006 4.
258 1977 315 2001 Cod.
329 1977 532 2006 ductui-repetem
589 1984 624 2000 ιο.
639 1977 694 2001 cod.
709 1977 817 2001 libertatis
823 1985 833 2006 ,·
847 1979 869 2001 le
878 1978 955 2007 prime
969 1978 1053 2007 civique
1067 1979 1148 2001 lettere
1162 1980 1277 2002 eaeaatee
1286 1978 1355 2002 eonti-

167 2018 251 2042 tutem
262 2018 305 2040 levi
319 2017 361 2040 da!
371 2018 462 2046 captata
476 2020 556 2041 ιιευο.

203 2122 245 2157 (ι)
265 2121 308 2149 cf.
327 2121 390 2149 Cle.
414 2121 485 2149 Tusc.
504 2121 569 2157 disp.
590 2120 623 2155 V,
641 2129 678 2154 xi,
698 2129 738 2157 33.
783 2129 865 2158 opere
875 2121 1010 2149 retoriche
1029 2121 1204 2154 d'Aristotile,
1219 2120 1356 2148 scrittidal

203 2165 246 2200 (2)
265 2165 403 2192 Auno-r.
411 2164 529 2199 Poctlv,
537 2172 561 2199 7.
598 2164 637 2192 Le
646 2164 739 2200 parole
784 2163 888 2191 celebre
912 2163 1021 2191 filosofo
1046 2164 1127 2191 arabe
1151 2164 1194 2191 del
1217 2163 1309 2191 secolo
1327 2171 1356 2196 x,

168 2206 214 2243 qui
229 2207 317 2239 citae,
332 2206 358 2233 al
371 2215 418 2242 par
431 2207 457 2233 di
471 2205 559 2243 quelle
567 2208 613 2242 piu
625 2212 696 2234 sotto
706 2207 740 2234 ri-
784 2212 925 2244 potemmo
943 2207 1076 2233 esaminar
1095 2206 1208 2242 qualche
1227 2206 1331 2234 codice.

168 2249 251 2282 ferite,
264 2249 393 2277 derivatio
408 2249 442 2276 da
454 2249 595 2277 un’antica
607 2250 739 2283 versione,
819 2250 862 2284 (4)
881 2250 1019 2277 Αιιιετοτ.
1038 2258 1083 2286 op.
1106 2249 1150 2276 cit.
1169 2249 1216 2282 1V,
1237 2249 1271 2277 8:
1290 2257 1306 2276 e
1324 2248 1356 2277 cf.

170 2291 196 2318 di
209 2293 251 2318 cui
265 2300 319 2318 non
333 2291 459 2318 abbiamo
471 2297 544 2319 sotto
560 2300 643 2319 mano
656 2300 738 2319 verun
783 2293 938 2325 Ανειιιιοιε,
949 2292 1072 2328 Paraphr.
1083 2293 1110 2319 in
1125 2292 1183 2319 libr.
1196 2292 1264 2319 Pone.
1276 2293 1356 2319 Arist.

170 2333 328 2369 esemplare.
784 2334 850 2362 ediz.
870 2335 914 2361 cit.
933 2334 966 2367 11,
986 2341 1036 2368 217
1046 2341 1069 2360 ιι.

206 2376 247 2412 (3)
273 2376 383 2412 Neppur
412 2376 454 2403 de’
479 2377 658 2405 commentari
686 2377 738 2404 alle
818 2377 861 2412 (5)
880 2376 992 2404 Homr.
1011 2377 1057 2412 Ep.
1077 2376 1111 2410 n,
1131 2384 1172 2409 111,
1192 2383 1305 2412 333-34.

279 2446 386 2469 comedo
400 2446 514 2476 εαιιωα,
528 2447 569 2470 ιιι.
1234 2445 1261 2472 ¹5
