1682 2762
110 400 122 414 e
135 393 239 421 distingue
258 393 264 413 i
279 394 322 414 vari

111 420 221 448 :lgnificati
229 420 249 440 di
261 426 323 447 uge-

111 453 132 467 re
140 455 150 466 1·
167 454 179 468 e
197 455 207 466 ι
215 446 280 467 facere
288 455 308 466 ι,

142 1547 219 1571 Quindi
234 1547 255 1567 in
268 1552 325 1567 tenu

114 1574 150 1595 luo
165 1581 178 1594 ο
201 1581 259 1594 ειη-,ι
290 1574 326 1594 che

114 1608 157 1648 {35
166 1601 187 1648 '12
201 1601 326 1648 ἒὲῗῗὲῗ

115 1654 134 1675 le
148 1663 167 1679 ι,
204 1662 214 1673 α
227 1654 291 1675 nichil
304 1662 325 1679 ι,

116 1689 126 1700 σι
137 1681 191 1701 aliud
205 1688 264 1707 agere
274 1689 293 1701 ι.

141 1707 237 1728 Secondo
260 1707 326 1728 ulunl

115 1735 205 1762 perdono
212 1734 326 1762 lupiugnn

129 1766 171 1782 arte
179 1761 233 1781 della
241 1762 283 1782 vin
292 1768 325 1781 co-

122 1794 160 1808 oro
187 1788 225 1808 che
251 1795 326 1815 operm

114 1814 176 1839 male,
184 1821 225 1835 uon
233 1815 325 1835 colunto

90 1854 95 1858 -
115 1841 195 1869 quando
214 1848 308 1869 pecsano,

349 255 414 301 248
769 258 1116 288 EPISTOLARIO

350 388 469 421 etenim
493 396 570 430 ago
595 394 627 419 et
649 383 765 418 facio
798 384 843 417 sic
866 394 1050 427 synonyma
1079 393 1153 418 sunt
1179 384 1213 417 in
1231 395 1361 429 genere,
1391 383 1479 428 quod
1507 385 1540 418 in

350 443 506 488 aliquibus
528 443 573 476 eis
596 441 812 475 indifferenter
835 450 972 482 utamur,
999 440 1210 475 differentiam
1235 451 1342 476 autem
1368 453 1480 475 eorum
1508 442 1541 475 in

350 502 506 547 aliquibus
531 500 692 534 faciamus.

740 511 834 544 agere
862 499 1005 546 quidem¹
1023 508 1055 533 et
1083 499 1187 534 facere
1216 509 1362 534 naturam
1385 500 1539 540 dicimus;

351 560 559 594 architectum
583 567 691 591 autem
710 568 778 591 non
801 556 936 591 dicimus
959 557 1117 602 templum
1141 569 1245 602 agere,
1265 557 1321 591 sed
1344 557 1462 598 facere;
1487 569 1542 602 pa-

350 629 482 652 tronum
506 628 582 651 vero
607 627 674 650 non
704 614 806 649 facete
830 626 970 656 causam,
994 615 1049 649 sed
1073 627 1167 660 agere
1190 616 1417 650 consuevimus
1441 628 1542 650 enun-

351 677 442 711 ciare.

490 684 524 708 ut
547 674 696 719 quotiens
721 674 803 707 actio
833 682 942 707 nostra
961 674 994 707 in
1018 673 1136 718 aliquid
1159 673 1308 708 sensibile
1331 683 1469 708 transeat
1488 683 1543 708 aut

351 733 466 767 efficiat
486 730 614 776 aliquid,
630 730 719 775 quod
737 742 794 774 per
808 742 842 763 se
858 729 1017 770 subsistat,
1030 729 1133 764 facere
1143 729 1287 764 dicamur
1301 739 1334 764 et
1349 742 1416 764 nou
1433 741 1542 775 agere;

352 803 426 826 cum
451 799 560 824 autem
582 788 742 834 spirituale
766 787 818 822 vel
846 789 1073 832 incorporeum
1097 788 1259 833 quippiam
1284 787 1452 828 efficimus,
1475 799 1543 822 non

351 850 464 890 facere,
487 848 544 882 sed
575 859 667 892 agere
701 846 940 881 consuetudinis
964 847 1168 891 usurpatione
1192 847 1438 881 convenientius
1461 845 1543 880 affir—

351 919 487 942 memus.

536 907 660 951 agimus
683 905 833 950 equidem
850 905 977 949 gratias,
993 904 1080 949 quod
1104 905 1221 938 mentis
1240 914 1303 944 est;
1329 904 1464 938 facimus
1489 916 1543 938 au-

351 976 418 1001 tem
443 965 576 1006 amicos,
605 964 760 1008 quoniam
792 963 915 997 amicus
946 963 986 997 sit
1010 962 1127 1008 aliquid
1161 974 1215 1007 per
1244 974 1278 996 se
1301 962 1486 1004 subsistens,
1508 963 1543 997 in

351 1036 449 1070 quem
474 1024 556 1057 actio
576 1032 684 1057 nostra
709 1023 838 1062 transit;
864 1031 900 1056 ut
922 1014 1077 1067 quoniam
1096 1022 1349 1066 appropriatione
1373 1031 1544 1056 consuetu-

352 1084 433 1118 dinis
458 1094 551 1127 agere
575 1082 731 1126 pertineat
754 1080 794 1115 ad
817 1081 969 1122 animam,
989 1091 1056 1114 non
1081 1080 1120 1114 ad
1145 1092 1269 1125 corpus,
1294 1079 1544 1126 indeficiensque

352 1142 392 1176 sit
417 1141 524 1174 anime
542 1148 664 1180 nostre,
681 1150 744 1183 que
767 1138 899 1183 quidem
922 1137 1113 1172 immortalis
1143 1147 1200 1178 est,
1225 1138 1368 1182 operatio
1391 1146 1423 1172 et
1443 1146 1543 1179 actus,

352 1200 426 1240 hoc,
442 1197 530 1243 quod
549 1207 598 1231 est
620 1197 737 1238 vivere,
757 1195 1047 1241 congruentissime
1066 1196 1238 1240 susceperit
1257 1207 1344 1236 usuS,
1361 1204 1397 1229 ut
1410 1195 1545 1230 verbum

353 1268 446 1302 agere
470 1256 562 1290 nobis
586 1255 649 1289 hoc
672 1254 759 1299 quod
783 1263 831 1288 est
854 1255 962 1288 vivere
986 1262 1088 1295 notet,
1111 1254 1200 1298 quod
1223 1265 1291 1288 non
1314 1262 1421 1299 potest
1438 1253 1478 1288 ab
1496 1254 1545 1290 in-

353 1314 560 1360 corruptibilis
591 1314 699 1348 anime
728 1313 850 1347 ratione
878 1312 1124 1357 quomodolibet
1146 1313 1292 1357 separari.

1350 1311 1544 1346 vocabulum

353 1375 449 1418 igitur
470 1372 548 1406 illud
573 1370 739 1416 agentibus
763 1382 820 1415 pro
843 1369 1031 1404 facientibus
1062 1379 1094 1404 et
1116 1370 1150 1403 in
1173 1381 1239 1404 uno
1270 1370 1343 1404 loco
1367 1370 1464 1404 etiam
1486 1381 1545 1414 pro

353 1431 536 1465 viventibus
555 1430 636 1464 clara
647 1429 771 1463 ratione
787 1428 938 1473 supponit
948 1427 999 1469 (¹);
1022 1427 1110 1472 quod
1129 1426 1288 1472 siquidem
1303 1428 1336 1460 in
1348 1426 1544 1471 subsequen-

353 1489 436 1524 tibus
453 1487 624 1534 apparebit.

442 1548 521 1581 Post
540 1547 599 1580 hec
622 1543 903 1579 determinandum
926 1552 975 1578 est
997 1542 1175 1578 secundum
1199 1542 1347 1577 ordinem
1370 1543 1544 1588 premisso-

353 1618 424 1641 rum
437 1605 513 1650 quid
526 1614 636 1639 auctor
648 1616 704 1649 per
722 1603 846 1644 male,
866 1602 944 1647 quid
955 1614 1011 1646 per
1035 1601 1173 1636 nichil
1195 1601 1335 1646 quidque
1358 1613 1414 1645 per
1433 1599 1546 1634 aliud

354 1675 372 1696 a
380 1676 401 1708 g
411 1675 428 1697 e
435 1675 450 1697 r
460 1675 477 1696 e
496 1662 573 1696 velit
591 1661 737 1706 intelligi.

793 1660 826 1694 in
844 1671 909 1704 quo
929 1658 1061 1703 quidem
1084 1658 1188 1703 plures
1212 1658 1352 1692 admiror
1374 1658 1428 1702 qui
1451 1668 1547 1702 super

354 1722 416 1755 hoc
435 1721 558 1755 diversa
582 1727 759 1754 senserunt.
805 1717 936 1763 quidam
953 1717 1040 1751 enim
1059 1717 1174 1751 volunt
1192 1716 1275 1750 male
1294 1725 1426 1761 agentes
1444 1715 1546 1750 maxi-

353 1791 442 1813 mam
472 1779 537 1813 vite
568 1787 690 1823 partem
717 1777 873 1817 amittere,
901 1778 1055 1821 quoniam
1087 1786 1154 1809 non
1178 1774 1284 1809 solum
1315 1773 1446 1819 quando
1471 1785 1546 1820 pec-

409 1915 427 1931 1.
442 1908 460 1930 L
474 1909 535 1931 aava
549 1914 616 1937 quos,
631 1909 736 1930 cort-eno
751 1907 775 1929 in
790 1906 850 1936 quod

353 1948 383 1971 Ζ.)
394 1948 430 1972 Μ2
441 1949 461 1971 Ρ
472 1949 508 1971 VR
517 1948 614 1971 facimus
641 1947 677 1970 LS
685 1947 717 1970 dd
727 1947 849 1973 faciamus,
864 1952 904 1969 ma
919 1946 944 1968 in
957 1951 1053 1968 rasura.

353 1990 373 2012 ε’
382 1992 478 2011 arresta
493 1989 508 2011 1'
514 1989 583 2017 epist.
597 1989 622 2010 in
636 1988 654 2010 L
667 1994 680 2009 e
695 1987 804 2016 riprende
819 1987 844 2009 in
858 1985 903 2009 Μ’.
971 1986 992 2008 6.
1007 1984 1043 2008 M²
1054 1986 1091 2008 Me
1105 1984 1196 2014 aliquod

354 2036 432 2058 usurp.
469 2028 506 2051 Μ2
514 2029 574 2058 dopo
584 2034 663 2057 usurp.
673 2028 735 2051 duva
745 2027 903 2050 confirmemus
912 2027 954 2049 che
955 2026 992 2055 su
1001 2026 1135 2048 cancellato.

353 2069 384 2092 dd
394 2070 439 2092 due
452 2070 511 2092 volte
525 2069 632 2098 quoniam
690 2073 759 2090 11-12.
781 2067 799 2089 V
811 2061 918 2089 subsisti:-
937 2061 967 2095 εἷο
981 2070 1057 2088 nostra
1070 2069 1143 2088 mnu.

354 2109 498 2138 usurpatione
555 2115 591 2138 ¹5-
605 2107 641 2130 Μ2
657 2109 717 2137 dopo
732 2112 766 2130 est
776 2113 839 2136 pone
853 2107 876 2129 in
917 2105 946 2129 L'
960 2106 979 2129 V
990 2105 1089 2134 suscepit

356 2157 391 2179 ¹7-
399 2149 434 2172 Μ’
443 2151 503 2178 dopo
510 2150 589 2171 vocab.
595 2151 708 2178 presenta
717 2154 765 2170 una
775 2153 870 2170 rasura.

353 2190 391 2212 LS
398 2189 434 2212 Μ’
443 2189 479 2212 Μ2
493 2189 513 2212 V
524 2190 559 2211 VR
567 2189 656 2218 quidem
685 2187 720 2211 Μ’
730 2187 767 2211 M’
775 2187 944 2217 Psequentibu·

905 1912 926 1929 2.
944 1906 964 1929 V
974 1905 1035 1934 dopo
1049 1910 1127 1927 eorum
1141 1904 1216 1927 scrtve
1229 1903 1252 1926 in
1266 1903 1296 1926 nl.
1310 1907 1333 1926 et
1347 1904 1370 1926 in
1383 1903 1436 1933 aliq.

1108 1952 1133 1972 4.
1147 1943 1177 1967 L’
1189 1945 1226 1967 VR
1239 1946 1356 1967 omettono
1370 1950 1417 1966 non
1445 1944 1493 1967 Con
1507 1945 1546 1968 ned

1258 1991 1280 2013 9.
1296 1984 1332 2007 Me
1345 1987 1430 2007 omette
1443 1989 1546 2008 consuet.

1193 2032 1227 2047 ιο.
1244 2024 1280 2047 VR
1288 2026 1371 2047 omne
1380 2028 1414 2047 est

1198 2071 1231 2088 n.
1248 2065 1333 2094 Vdopo
1343 2071 1407 2087 eous.
1416 2064 1547 2094 aegium

1159 2106 1192 2128 ¹6.
1213 2105 1249 2128 VR
1263 2105 1294 2128 dd
1308 2105 1353 2128 due
1366 2106 1425 2128 mue
1437 2106 1486 2128 viv.
1498 2107 1546 2128 not.

920 2147 952 2169 18.
961 2145 998 2169 Μ’
1007 2146 1038 2170 ill.
1046 2146 1076 2175 ig.
1112 2144 1188 2169 LSM¹
1195 2144 1231 2168 W
1238 2145 1258 2167 P
1265 2148 1382 2168 omeleono
1391 2148 1414 2168 et

998 2193 1075 2210 21-22.
1090 2187 1108 2209 V
1118 2187 1155 2210 VR
1162 2187 1199 2209 Me
1209 2186 1373 2215 promissorum

1491 1904 1547 1934 3.L

1468 2025 1550 2048 inl-s

1470 2143 1546 2174 19.1.⁸

1426 2185 1547 2208 π.Μῶ

353 2230 422 2253 nichil
437 2230 462 2252 in
475 2236 561 2253 rasura
575 2237 588 2252 e
601 2229 702 2259 quidque
716 2235 756 2258 per
769 2229 798 2251 ni.
813 2235 876 2258 agg.
890 2229 915 2250 in
928 2228 1040 2257 margine
1054 2228 1119 2251 dalla
1138 2230 1214 2251 etesi-a
1233 2234 1310 2250 mano.
1351 2225 1388 2250 Μ’
1403 2229 1489 2250 omne
1502 2233 1548 2256 que

354 2277 393 2299 ²4-
408 2270 438 2292 L²
453 2271 494 2293 hec
534 2269 570 2293 Μ’
584 2270 616 2293 da
630 2276 714 2293 senser.
729 2270 753 2292 in
774 2275 870 2292 rasura.
910 2267 948 2291 Μ2
967 2268 1028 2291 velut
1044 2274 1088 2298 per
1108 2268 1188 2290 volunt
1235 2268 1366 2296 Vageutem

353 2311 477 2333 admictere

388 2432 431 2467 (ι)
451 2431 494 2460 cf.
512 2431 539 2458 la
557 2437 621 2459 nota
643 2440 653 2459 1
675 2440 691 2458 a
709 2440 754 2468 pp.
773 2431 906 2468 257-258.

1433 2273 1470 2296 ²5-
1485 2265 1517 2289 L’
1533 2266 1552 2289 V

1575 916 1614 940 10

1576 1210 1612 1243 15

1573 1490 1616 1514 20

1573 1779 1614 1813 25
