1682 2762
122 353 212 374 Ginech'e
220 353 246 374 d·
253 360 317 381 quan-

103 385 126 401 to
140 381 184 402 dice
203 380 317 401 Aristotele

105 408 137 428 dei
144 408 196 428 nervi
202 408 219 428 εἰ
225 408 276 427 deve
282 408 316 427 de-

103 434 163 455 durre
171 441 184 454 ο
193 435 230 455 che
238 434 278 461 egli
286 435 317 454 in-

103 462 166 482 tendn
175 461 195 482 la
204 461 285 482 nobilta
295 461 317 481 in

103 489 166 509 modo
190 489 270 509 diverso
292 488 317 508 da

104 515 172 536 Dante
181 522 192 535 e
203 516 228 536 dn
238 515 317 536 Seneca

104 549 118 562 ο
140 543 158 563 si
182 543 283 570 νεηνίης.
305 549 317 562 ι

104 570 182 596 pun-lare
203 570 223 590 di
244 569 317 590 coloro

105 597 142 617 che
157 603 211 617 sono
228 603 264 630 per
280 603 316 616 na-

104 628 151 644 tur:
181 624 278 644 dennuni
306 630 317 643 ι

105 651 197 675 servire;
239 650 317 670 benche

105 678 169 698 unche
177 683 261 698 costum
269 684 317 704 pos-

105 711 156 725 sano
169 705 263 725 diventnr
278 705 318 724 vir-

105 732 170 756 tuosi.
181 738 220 752 ove
235 732 254 752 le
268 737 318 751 con·

105 759 181 779 ditioni
196 758 286 779 naturali
301 758 318 778 ni

105 787 195 806 murino.

132 939 241 961 conclude
263 939 320 959 uindi

106 967 143 987 che
157 968 207 994 ogni
222 967 242 987 di
266 967 321 987 coln

107 1001 143 1021 pm
157 999 203 1014 osta
220 994 253 1014 dn!
268 994 320 1014 Ban-

107 1021 150 1041 dim
158 1022 205 1042 vien
213 1022 257 1041 cosi
267 1021 321 1042 toltn

107 1049 128 1068 di
142 1054 224 1069 mezzo:

108 1473 120 1486 ε
131 1466 217 1488 l'esorta
226 1473 238 1487 ι
252 1466 322 1487 riseri·

109 1495 182 1522 vergii,
206 1500 228 1514 se
250 1501 293 1514 nou
310 1494 321 1513 ἐ

108 1528 208 1549 persiano
222 1521 276 1541 delle
290 1527 322 1541 n·

109 1549 170 1596 pioni
192 1549 276 1569 uddone
297 1549 322 1568 dn

117 1583 146 1597 m.

172 2059 264 2084 Fircnze,

114 2092 138 2113 ¹9
152 2086 255 2107 dicembre
266 2092 324 2112 ¹403·

139 2127 187 2147 Non
202 2134 214 2148 ι
228 2132 286 2148 torto
300 2127 326 2147 h-

113 2154 171 2175 detto
186 2154 268 2188 c-hsessl}
283 2161 326 2174 non

112 2187 145 2203 nn
159 2189 200 2202 mn
213 2188 235 2201 m
249 2187 326 2209 nposo,

345 217 410 260 648
769 220 1117 250 EPISTOLARIO

344 353 473 398 regibus
498 359 553 385 aut
581 350 722 384 dominis
757 359 946 384 reservatur.
1005 361 1081 383 nam
1112 349 1202 394 quod
1230 348 1310 382 dicis
1344 348 1551 382 Philoso-

345 413 470 457 phum
494 411 580 444 nolle
605 420 716 443 servos
740 410 838 444 etiam
858 410 970 450 iustos,
986 408 1170 454 prudentes,
1187 416 1384 453 temperatos
1403 417 1435 441 et
1449 406 1550 441 fortes

344 470 469 504 nobiles
494 468 654 514 appellari,
679 468 731 502 vel
755 468 819 502 alio
838 467 940 502 modo
959 478 1057 512 quam
1083 468 1206 501 Dantes
1230 476 1263 501 et
1281 467 1405 500 Seneca
1434 465 1551 500 nobili-

344 541 444 566 tatem
465 530 578 575 accipit
602 529 653 563 vel
677 529 718 563 de
736 529 892 563 servitute
909 528 1016 569 sentit,
1031 539 1130 573 quam
1153 538 1222 561 non
1242 537 1334 561 casus
1354 526 1452 561 efficit
1471 525 1551 560 iuiu-

344 591 454 634 riaque
477 588 618 629 fortune,
641 587 697 622 sed
721 599 818 633 quam
843 587 949 632 gignit
971 587 1039 631 ipsa
1069 595 1193 620 natura.
1251 585 1321 620 vult
1344 585 1432 619 enim
1459 574 1549 630 pater
1581 591 1599 625 5

345 648 532 683 Aristoteles
547 647 707 693 quosdam
723 646 909 681 naturaliter
925 655 1016 691 aptos
1029 657 1098 680 esse
1114 645 1284 685 dominari,
1296 643 1457 690 quosdam
1471 655 1550 678 vero

345 708 484 749 servire3
504 706 544 741 de
568 706 683 752 quibus
703 705 823 740 ultimis
843 705 1009 739 verissime
1029 704 1091 738 dici
1106 713 1223 749 potest,
1242 715 1317 737 cum
1337 712 1451 737 natura
1466 701 1555 736 servi

345 766 419 807 sint,
444 777 505 799 nec
528 765 599 807 hac,
623 765 663 798 de
693 776 757 809 qua
785 763 908 797 dictum
935 773 994 804 est,
1025 762 1190 796 nobilitate
1220 761 1338 806 pollere
1366 773 1427 795 nec
1456 760 1549 795 facile

346 836 453 870 posse,
477 825 546 857 imo
570 823 651 858 forte
671 835 739 857 non
759 834 865 867 posse,
884 823 946 857 nisi
966 831 1078 856 nature
1095 820 1323 855 condicionem
1343 819 1552 862 mutaverint,

348 883 432 917 effici
455 883 608 923 virtuosi3
632 894 729 927 quem
755 881 893 926 gradum
921 881 947 914 si
971 879 1229 921 conscenderint,
1257 879 1405 913 desinent
1427 876 1555 923 procul·
1587 890 1627 915 ιο

348 941 447 976 dubio
472 941 657 976 naturaliter
676 952 746 975 esse
760 940 854 974 servi.
902 950 1032 974 summa
1053 940 1154 973 totius
1168 948 1216 972 est
1236 950 1306 972 esse
1326 937 1472 972 nobilem
1498 936 1555 982 qui

348 1010 462 1034 natura
484 1001 527 1034 sit
550 1000 631 1034 bene
656 999 828 1044 dispositus
843 998 883 1032 ad
899 999 1068 1039 virtutem3
1088 996 1176 1043 quod
1192 996 1325 1042 quidem
1343 1008 1404 1030 nec
1425 995 1480 1030 dat
1494 1006 1556 1029 nec

349 1058 462 1093 adimit
486 1059 652 1103 dignitatis
681 1057 835 1103 splendor
864 1057 917 1091 vel
947 1056 1123 1090 obscuritas
1154 1055 1354 1090 condicionis
1387 1063 1442 1089 aut
1465 1053 1558 1088 favor

349 1118 598 1163 malignitasque
614 1116 759 1158 fortune;
783 1117 936 1151 virtutem
951 1127 1062 1150 veram
1081 1116 1114 1149 in
1133 1115 1228 1149 huius
1244 1113 1420 1148 nobilitatis
1437 1113 1554 1158 spaciis

350 1177 530 1211 coalescere
554 1188 614 1210 nec
638 1175 711 1209 alibi
730 1186 825 1220 posse
841 1174 1026 1209 naturaliter
1048 1173 1193 1219 reperiri;
1217 1172 1359 1218 plebeios
1383 1183 1421 1206 ac
1443 1182 1556 1206 servos
1589 1184 1629 1218 15

351 1248 417 1270 non
449 1236 558 1269 minus
582 1245 651 1268 esse
681 1245 776 1278 posse
806 1233 930 1267 nobiles
953 1242 986 1267 et
1008 1233 1170 1266 virtuosos
1198 1243 1296 1277 quam
1320 1231 1471 1276 patricios
1494 1239 1550 1264 aut

350 1305 462 1339 reges;
486 1293 639 1327 virtutem
664 1301 774 1327 autem
797 1301 830 1326 et
853 1291 1056 1326 nobilitatem
1080 1291 1114 1324 in
1137 1290 1208 1332 illis,
1235 1301 1317 1335 quos
1341 1298 1434 1334 aptos
1457 1290 1552 1324 natos

349 1353 467 1387 servire
490 1362 604 1386 natura
622 1350 819 1396 produxerit,
843 1362 912 1385 non
935 1361 1030 1395 posse
1054 1349 1198 1384 fundari:
1221 1348 1338 1394 quibus
1366 1347 1554 1382 veritatibus

350 1423 486 1446 omnem
506 1421 597 1445 tuam
620 1410 796 1444 resolutam
820 1409 955 1444 arbitror
978 1408 1187 1443 dubietatem.

417 1469 452 1503 Si
471 1468 547 1514 quid
570 1477 679 1503 autem
699 1467 781 1502 forte
805 1476 959 1512 superest,
974 1466 1063 1512 quod
1087 1476 1289 1511 consequens
1305 1476 1373 1499 non
1390 1463 1549 1506 videatur,
1587 1477 1630 1502 20

349 1529 465 1570 scribe;
489 1527 671 1562 rescribam.
719 1527 790 1561 vale
812 1526 888 1560 felix
907 1536 939 1560 et
958 1525 998 1560 de
1014 1526 1142 1560 caritate
1161 1537 1260 1571 quam
1275 1537 1352 1570 erga
1366 1524 1554 1570 Philippum

349 1586 517 1620 ostendisti
542 1586 659 1631 gratias
684 1595 748 1629 ago
763 1585 808 1618 (¹).
856 1583 1028 1626 Florentie,
1046 1584 1142 1618 tertio
1165 1583 1237 1618 idus
1261 1582 1464 1618 novembris.

898 1733 1010 1768 XIIII.

757 1813 818 1846 At.
851 1811 1165 1846 MEDEs1u0(2).

857 1891 912 1926 [P¹,
932 1899 956 1918 c.
979 1891 1060 1927 591³]
1586 1897 1630 1931 25

893 1967 1020 2002 Eidem.

355 2059 498 2144 VERE
521 2050 600 2092 dixi,
623 2051 673 2084 vir
695 2050 842 2094 insigniS,
865 2049 960 2084 frater
982 2058 1014 2083 et
1044 2050 1147 2083 amice
1175 2048 1359 2090 karissime;
1389 2048 1556 2082 verissime

450 2121 590 2155 prorsus,
614 2110 760 2154 inquam,
780 2108 846 2142 dixi
868 2117 900 2142 te
919 2118 1087 2152 nunquam
1106 2107 1279 2152 quiescere.
1324 2105 1476 2151 respondi
1493 2106 1557 2140 tuis

354 2168 606 2203 dubitationibus
629 2167 749 2202 iudicio
773 2179 848 2201 meo
880 2176 947 2201 tam
978 2166 1060 2200 clare
1087 2177 1187 2210 quam
1218 2165 1313 2210 plene
1321 2178 1331 2207 ;
1364 2176 1452 2199 nuuc
1475 2174 1554 2199 veno

391 2285 433 2319 (1)
453 2284 483 2311 Si
501 2285 612 2311 trattera
640 2290 716 2311 certo
742 2283 787 2311 del
811 2281 934 2318 figliuolo
981 2282 1085 2309 Arezzo
1115 2290 1130 2308 e
1157 2281 1231 2317 quivi
1253 2282 1372 2317 ospitato
1389 2289 1408 2308 o
1431 2281 1461 2308 in
1488 2281 1558 2310 altra

355 2327 381 2354 di
392 2327 526 2355 Coluccio
541 2329 597 2354 cosi
611 2327 750 2354 chiamato
765 2326 813 2362 (cf.
830 2326 876 2353 lib.
886 2325 936 2359 XI,
980 2324 1056 2361 guisa
1074 2329 1191 2351 onorato
1208 2323 1252 2351 dn!
1271 2323 1396 2351 Bandini.

355 2379 396 2406 ep.
413 2378 473 2402 xxi,
485 2379 510 2406 p.
527 2378 581 2406 407
597 2370 624 2397 di
636 2376 734 2406 questo
749 2369 883 2403 volume),
896 2377 935 2395 re·
1015 2367 1057 2403 (2)
1075 2367 1141 2394 Non
1156 2375 1228 2402 pago
1242 2366 1313 2394 della
1327 2367 1445 2402 risposta
1457 2366 1485 2394 di
1501 2365 1562 2394 Co·

357 2413 442 2440 catosi
466 2421 514 2449 per
541 2413 649 2448 ragioni
674 2421 690 2439 a
709 2413 756 2439 noi
780 2413 874 2448 ignote
900 2411 934 2438 ad
979 2410 1077 2444 luccio,
1101 2417 1278 2446 quantunque
1302 2409 1473 2438 chiarissima
1497 2417 1560 2437 ma
