1696 2782
138 379 155 400 11
170 384 252 407 pusato
267 379 278 398 ὲ
293 378 323 398 di-

111 407 157 427 fnti
174 405 319 429 irrevocabile5

110 434 166 454 nulla
173 434 214 460 pub
219 433 321 453 rimi-mre

111 461 130 480 di
141 465 217 487 qunnto
231 460 242 479 e
257 463 319 479 nato.

141 1133 200 1153 Piera
216 1133 227 1152 ὲ
245 1136 325 1156 mortu

116 1164 134 1180 ιι
148 1166 185 1179 sun
204 1159 280 1186 perdita
295 1165 325 1178 es-

115 1187 179 1206 sendo
190 1184 324 1212 irreparabile,

117 1213 186 1240 perche
200 1219 268 1232 verur
283 1213 326 1232 inu-

117 1240 147 1259 xili
163 1239 264 1266 lngrime?

147 1541 170 1561 Ei
185 1541 239 1561 1οιιὸ
250 1541 330 1567 dunque

121 1573 194 1589 contro
208 1567 223 1588 il
237 1567 317 1591 dolore,

121 1722 132 1734 e
161 1714 213 1734 dana
240 1713 293 1734 loun
320 1714 331 1732 ὲ

120 1742 189 1762 uscito
194 1756 199 1765 .
234 1740 254 1760 ln
290 1740 331 1760 Dio

122 1769 197 1792 merce,
215 1766 331 1791 victorioso,

354 250 414 282 140
774 239 1116 269 EPISTOLARIO

349 371 436 416 quod
448 370 588 404 revocari
614 376 784 412 nequeant,
809 366 886 410 quin
916 365 1048 399 fuerint:
1073 364 1239 398 restaurari
1258 373 1393 408 possunt
1425 363 1540 407 aliqua,

349 441 415 463 non
439 428 556 462 reduci.
598 427 623 460 si
648 426 776 469 longius
796 435 813 457 a
829 424 923 468 signo
950 423 1064 467 sagitta
1088 422 1285 467 percusserit,
1308 422 1419 455 iterata
1437 429 1543 465 potest

349 487 458 520 missio
472 485 587 518 facere*
599 483 687 528 quod
706 481 876 527 aliquando
892 482 1024 526 signum
1038 481 1184 525 attingat.
1235 479 1323 524 quod
1339 488 1446 513 autem
1462 480 1542 512 ictus

348 545 400 578 ille
414 545 509 588 prior,
529 553 594 587 quo
607 541 748 575 diximus
759 540 889 584 longius
905 551 922 572 a
937 539 1032 582 signo
1049 538 1240 583 percussisse
1254 538 1418 582 sagittam,
1431 537 1458 570 si
1474 547 1543 581 per-

351 611 457 635 cutere
473 601 603 645 signum
619 598 799 643 sagittarius
814 596 1010 636 intendebat,
1025 597 1157 640 signum
1173 596 1326 640 attigerit3
1338 594 1432 628 fuerit
1439 594 1544 628 Alcon

350 660 431 700 licet,
458 659 511 702 qui
539 666 720 701 serpentem
746 655 812 689 filio
838 666 898 688 suo
923 654 1115 698 implicitum
1141 663 1207 687 tarn
1235 652 1404 686 artificiose
1430 652 1546 696 sagitta

349 716 516 757 transfixit,
529 715 628 759 quod,
641 726 715 748 cum
729 714 828 747 feram
848 712 1009 752 occiderit,
1021 712 1192 745 salvaverit
1204 711 1372 744 hominem
1385 710 1436 752 (¹);
1451 710 1547 744 fuerit

351 785 382 808 et
405 775 477 807 licet
501 775 594 806 Aster
618 772 868 812 Mothoniensis,
893 772 947 815 qui
974 770 1158 814 Philippum
1181 769 1401 803 Macedonum
1423 779 1547 812 regem,

351 831 522 866 Alexandri
539 840 717 875 parentem,
730 830 790 871 vel,
806 840 840 863 ut
853 829 993 872 suspicio
1009 828 1077 868 fuit,
1097 828 1247 861 vitricum
1259 827 1305 868 (²),
1322 827 1400 861 dum
1412 827 1547 871 patriam

351 891 555 935 opprimeret,
578 890 702 932 sagitta,
727 900 789 932 qua
817 899 939 920 nomen
970 887 1139 926 mittentis,
1162 898 1260 930 quem
1288 894 1420 930 peteret,
1443 895 1547 929 quave

351 949 491 993 corporis
504 957 590 992 parte
602 947 717 980 vulnus
733 945 865 989 infigere
877 945 1058 984 destinaret,
1071 945 1284 988 inscripserat,
1295 943 1392 977 oculo
1404 943 1546 983 dextero,

352 1008 433 1040 sicut
451 1005 638 1051 prescripsit,
664 1004 829 1044 ferivit(³);
849 1003 954 1043 fuerit,
979 993 1123 1046 inquam,
1147 1002 1220 1035 licet
1238 1002 1343 1035 Alcon
1363 1011 1418 1035 aut
1443 1001 1548 1040 Aster,

352 1064 440 1109 quod
459 1076 526 1097 non
543 1063 691 1096 erraverit
717 1074 783 1095 non
813 1060 938 1101 efficiet,
967 1061 1020 1094 vel
1044 1059 1131 1104 quod
1159 1060 1291 1104 signum
1315 1059 1454 1103 attigerit
1480 1069 1547 1091 non

353 1122 510 1166 prestabit.
558 1130 753 1154 transactum
772 1128 819 1152 cst
838 1118 877 1151 de
898 1119 988 1151 Piera
1007 1129 1092 1158 mea,
1104 1118 1190 1151 socia
1210 1129 1292 1157 mea,
1306 1117 1444 1161 coniuge
1459 1127 1548 1157 mea;

355 1181 444 1213 amisi
465 1181 589 1212 Pieram
614 1190 732 1219 meam,
757 1177 864 1211 omnis
888 1188 962 1210 cure
986 1187 1140 1220 casusque
1165 1176 1332 1209 levamen:
1357 1174 1551 1208 transierunt

355 1239 414 1271 hec
428 1239 461 1270 in
484 1237 685 1282 preteritum3
703 1235 811 1269 defleri
824 1234 955 1279 quidem
971 1234 1085 1268 frustra
1106 1233 1470 1279 reprehensibiliterque,
1483 1243 1550 1266 non

357 1296 472 1330 utiliter
489 1303 633 1339 possunt.
680 1294 785 1338 legem
806 1305 884 1337 ergo
904 1292 1053 1333 fatorum,
1071 1304 1146 1326 cum
1169 1304 1236 1326 non
1261 1291 1405 1332 fortuitu,
1423 1289 1481 1324 sed
1500 1301 1551 1323 or-

357 1354 430 1387 dine
448 1353 555 1387 divine
574 1353 727 1396 sapientie
745 1360 858 1385 cuncta
878 1351 944 1384 fieri
966 1359 1089 1384 certum
1109 1351 1166 1392 sit;
1182 1351 1289 1396 legem
1304 1361 1383 1394 ergo
1399 1348 1552 1389 fatorum,

357 1413 419 1446 hoc
452 1421 498 1445 est
531 1411 638 1445 divine
669 1410 882 1455 providentie,
911 1421 976 1454 quo
1011 1409 1108 1443 trahit
1138 1409 1332 1454 retrahitque
1361 1419 1551 1452 sequamur;

358 1481 494 1513 cumque
508 1481 580 1502 cure
593 1468 771 1512 laborisque
785 1468 923 1501 multum
937 1467 1120 1508 accreverit,
1131 1466 1282 1512 quicquid
1294 1467 1363 1508 erit,
1374 1464 1552 1510 superanda

358 1528 464 1561 omnis
480 1528 608 1561 fortuna
627 1526 759 1560 ferendo
776 1536 832 1560 est.
880 1537 1011 1559 summo
1028 1537 1102 1559 cum
1117 1525 1239 1566 dolore,
1254 1524 1346 1559 crede
1363 1524 1471 1564 michi,
1485 1523 1552 1558 luc-

358 1595 439 1620 tatus
462 1598 546 1626 sum,
571 1597 707 1629 cumque
731 1584 919 1618 sensualiter
947 1596 998 1617 me
1027 1593 1196 1628 premeret,
1219 1585 1343 1617 ratione
1366 1582 1554 1616 vincebatur

359 1654 390 1677 et
410 1645 559 1677 vincitur:
579 1655 646 1676 non
666 1644 753 1676 enim
772 1653 849 1676 tunc
867 1642 985 1683 solum,
1005 1642 1062 1675 sed
1081 1653 1156 1676 cum
1179 1642 1307 1686 pluries,
1327 1651 1397 1675 turn
1417 1649 1450 1674 et
1466 1651 1553 1674 nunc

359 1715 411 1736 me
430 1712 540 1736 tentat.
587 1714 649 1746 ego
665 1714 729 1742 me,
745 1701 823 1745 quid
839 1702 971 1745 inquam
995 1712 1012 1734 e
1019 1701 1108 1745 g0?,
1133 1701 1200 1734 imo
1220 1701 1309 1734 Deus
1325 1711 1378 1733 me
1395 1699 1553 1733 invictum

359 1770 391 1794 et
415 1759 633 1793 insensibilem
648 1759 804 1800 reddidit3
830 1768 876 1800 ut,
899 1759 980 1792 sicut
1004 1758 1043 1792 ad
1067 1758 1296 1792 Vulterranum
1318 1756 1493 1798 Andream,
1513 1755 1554 1790 al·

360 1828 464 1852 terum
491 1818 620 1852 fratrem
647 1829 768 1859 meum,
793 1818 914 1862 scripsi,
940 1817 1043 1850 dicere
1067 1817 1205 1861 potuerit
1235 1826 1312 1850 tunc
1340 1815 1447 1849 anima
1470 1826 1553 1856 mea,

414 1932 436 1955 7.
453 1925 486 1948 N¹
500 1926 560 1947 hom.
575 1925 632 1948 salv.
686 1925 707 1948 8.
719 1924 756 1946 Me
770 1925 869 1947 Methon.
928 1931 962 1947 10.
974 1923 1007 1947 N¹
1018 1931 1065 1953 sag.
1080 1923 1177 1953 opprim.
1234 1930 1268 1946 n.
1277 1923 1423 1952 Meinfigeret
1431 1922 1462 1944 ed
1469 1923 1555 1944 onem

361 1966 504 1994 inscripserat
565 1973 601 1993 14.
618 1964 650 1987 N¹
665 1969 755 1988 trasact.
826 1971 859 1993 ¹7·
874 1965 910 1987 Me
925 1964 1017 1987 fortuite
1087 1971 1123 1994 ¹9-
1137 1963 1172 1987 N¹
1187 1971 1232 1993 que
1299 1969 1334 1986 aa.
1357 1961 1389 1985 Ι)
1403 1961 1546 1985 menalium

362 2008 396 2030 26.
411 2006 444 2029 N¹
459 2006 566 2035 descripsi

362 2116 430 2142 libro
449 2115 467 2142 il
488 2115 516 2142 S.
535 2115 628 2150 svolge
653 2115 819 2151 largamente
844 2115 934 2151 quelle
981 2114 1179 2143 d'Alessandro
1198 2115 1304 2143 d’esser
1323 2114 1398 2150 figlio
1419 2114 1447 2141 di
1466 2113 1556 2141 Giove

362 2158 421 2185 idee
441 2158 492 2185 che
518 2158 563 2193 qui
591 2158 719 2184 risultano
748 2166 763 2184 a
791 2158 933 2193 malapena
981 2156 1556 2194 Ammoneopiuttosto,c0meparmeglio

361 2207 514 2227 accennate.
552 2201 603 2227 Per
626 2201 685 2227 altri
713 2201 854 2236 ragguagli
879 2201 932 2227 sul·
979 2198 1556 2236 probabile,unricordodellaleggendache

361 2243 462 2278 l'opera
487 2249 569 2270 stessa
596 2243 726 2278 veggansi
752 2243 795 2278 poi
821 2243 846 2270 le
867 2249 932 2270 note
977 2245 1005 2272 10
1016 2245 1109 2271 diceva
1120 2242 1301 2279 generatodal
1312 2250 1395 2277 mago
1405 2241 1493 2277 egizio
1502 2240 1556 2267 Ne-

363 2286 406 2311 all’
415 2295 455 2321 ep.
469 2293 508 2312 xx
523 2286 549 2312 di
565 2291 659 2321 questo
678 2286 757 2318 libro,
777 2295 801 2321 p.
825 2293 881 2320 145.
981 2287 1117 2318 ctanebus,
1127 2292 1202 2312 tanto
1214 2284 1310 2311 diffusa
1322 2284 1367 2310 nel
1379 2283 1471 2310 medio
1484 2282 1556 2310 evo?

398 2328 439 2361 (1)
459 2328 501 2355 Cf.
525 2329 563 2354 M.
587 2328 672 2355 SERv.
699 2329 796 2355 Comm¹
815 2330 842 2355 in
866 2329 935 2364 Virg.
1017 2329 1060 2363 (3)
1080 2328 1166 2354 Fonte
1185 2327 1210 2353 di
1237 2325 1370 2353 Coluccio
1389 2326 1404 2352 e
1423 2323 1556 2360 probabil-

362 2371 421 2396 Buc.
440 2370 473 2403 V,
496 2379 535 2403 11,
555 2370 596 2398 ed.
617 2371 694 2403 Lion‚
714 2370 748 2403 11,
769 2370 826 2397 126.
949 2373 957 2375 “
983 2376 1074 2397 mente
1093 2370 1124 2396 C,
1145 2370 1164 2396 1.
1191 2369 1290 2396 Souu.
1318 2368 1419 2395 Collcct.
1441 2376 1490 2394 rer.
1509 2375 1558 2394 mo-

398 2413 440 2446 (2)
460 2407 759 2448 Equest'un’allusione
770 2413 822 2440 alla
833 2419 938 2449 pretesa
984 2414 1080 2440 morab.
1100 2413 1142 2439 ed.
1161 2412 1326 2443 Mommsen,
1345 2419 1370 2445 p.
1389 2409 1432 2446 69.

1578 892 1618 916 10

1579 1475 1623 1500 20

1581 1765 1621 1799 25
