1696 2782
153 765 230 786 lnoltre
253 764 292 792 egli
314 765 340 785 bn

126 792 198 812 scritto
204 792 241 812 che
251 798 294 812 non
304 798 339 811 ern

125 819 271 840 sconveniente
285 818 340 838 selu-

125 851 156 866 tar
166 845 273 869 Coluceio,
286 846 339 872 giac-

126 873 164 893 che
178 879 220 893 non
240 879 273 892 ern
291 872 339 892 fuor

125 900 145 919 di
159 900 221 926 luogo
231 899 338 919 Pamnrlo.

147 1118 179 1139 Or
185 1118 254 1145 degne
259 1117 337 1138 d’mo·

124 1151 146 1178 re
153 1152 196 1166 non
206 1146 217 1165 e
226 1145 265 1165 che
275 1144 339 1165 l'uom

126 1178 227 1193 ῩΙΠΠΟΕΟ.

153 1344 170 1369 Ε
184 1349 290 1370 Demetrio
300 1349 339 1368 ben

127 1382 183 1397 certo
199 1376 232 1396 ch’
237 1375 279 1402 egli
293 1382 339 1402 pos-

125 1410 149 1423 sa
155 1410 211 1423 esser
218 1403 276 1423 detto
283 1402 324 1422 tale
329 1402 339 1422 ἶ

160 1519 188 1538 Le
222 1517 339 1544 operationi

128 1545 182 1572 degli
199 1544 279 1564 nomini
293 1550 340 1570 pos-

128 1579 166 1592 sou
173 1577 242 1599 parere
248 1571 339 1591 virtuose

128 1606 139 1619 e
154 1605 196 1618 non
210 1597 295 1622 esserlo,

114 1838 121 1842 .
128 1820 186 1834 come
191 1814 254 1834 Bruto
260 1820 287 1833 ne
293 1820 339 1840 por-

127 1847 152 1873 ge
159 1841 248 1868 esempio
256 1842 338 1868 aperti·-

127 1874 191 1892 sim03

379 286 440 318 116
795 289 1136 318 EPISTOLARIO

373 416 460 461 quod
480 416 644 456 debemus,
667 416 700 448 in
719 427 784 459 quo
803 415 968 459 reponitur
986 415 1067 448 ratio
1091 414 1205 448 meriti.
1252 414 1286 448 in
1304 414 1358 447 illo
1381 423 1492 448 tamen
1516 425 1573 458 per

372 483 502 507 nosmet
525 473 709 514 deficimus3
734 474 766 506 in
794 473 855 506 hoc
875 484 952 506 vero
972 473 1102 506 nonnisi
1121 473 1183 506 Dei
1207 473 1307 516 gratia
1332 483 1571 516 permanemus.

373 531 529 566 abstinere
553 531 683 575 quidem
707 542 725 564 a
749 530 836 564 malo
860 542 927 564 non
950 541 1135 574 possumuS,
1149 530 1211 564 nisi
1230 541 1291 564 nos
1310 529 1489 564 liberaverit
1506 529 1571 570 ille,

371 589 425 633 qui
444 600 504 622 nos
523 588 583 622 hec
602 587 710 622 docuit
726 599 782 632 per
805 589 983 622 orationem
1006 597 1133 632 petere;
1157 588 1311 632 quoniam
1334 587 1368 621 id
1392 598 1460 621 non
1478 586 1572 621 datur

370 647 505 691 propriis
529 645 648 680 viribus
673 645 827 680 obtinere.
883 645 939 680 sed
963 647 1028 679 iam
1051 646 1153 680 multa
1176 657 1271 690 super
1294 645 1359 679 hoc
1381 646 1516 690 sapienti
1539 654 1572 679 et

370 704 587 738 eruditissimo
609 705 679 738 viro
704 704 786 738 dicta
809 713 894 738 sunt.
941 716 1003 749 que
1026 713 1147 738 restant
1169 705 1278 748 itaque
1301 703 1480 738 videamus.

437 763 553 796 Scribis
576 763 691 805 igitur:
715 771 750 796 ut
767 762 959 796 Coluccium
971 773 1028 807 pro
1046 774 1099 796 me
1114 762 1230 796 salutes
1245 772 1324 806 puto
1339 762 1491 796 indecens
1501 773 1570 796 non

367 820 446 861 fore,
471 820 532 854 nisi
556 820 662 864 ipsum
690 831 796 854 amare
819 821 917 853 etiam
941 821 981 854 sit
1011 821 1238 864 incongruum.
1284 829 1317 853 et
1346 819 1471 853 subdis:
1506 819 1570 853 hoc

369 888 477 912 autem
503 890 576 912 cum
602 879 703 919 liceat,
727 878 834 912 licebit
858 888 889 912 et
915 879 1032 912 salutes
1063 879 1216 923 plurimas
1238 878 1297 912 sibi
1321 878 1417 912 dicas.
1475 878 1569 912 altius

367 936 487 970 radices
507 936 626 970 habent
649 937 709 970 hec
733 936 830 970 verba
858 948 956 981 quam
985 948 1041 981 pre
1072 947 1107 970 se
1134 936 1255 977 ferant;
1280 937 1405 970 nemini
1435 931 1568 980 quidem

367 995 509 1040 optanda
532 995 616 1029 salus
640 1004 698 1035 est,
723 996 783 1028 nisi
808 995 848 1028 sit
872 994 987 1039 dignus
1012 992 1111 1028 amari
1129 994 1264 1039 talisque
1287 994 1376 1039 quod
1399 1005 1475 1028 cum
1497 994 1570 1039 ipso

366 1053 476 1087 deceat
492 1053 680 1093 amiciciam,
704 1064 766 1097 que
790 1052 921 1097 quidem
945 1052 983 1086 ab
1007 1063 1119 1086 amore
1142 1052 1268 1093 dicitur,
1284 1051 1434 1086 conflare.
1481 1064 1569 1086 nunc

367 1120 475 1144 autem
499 1122 573 1144 curn
592 1111 746 1151 amicicia,
766 1122 829 1155 que
852 1122 927 1144 vera
942 1111 992 1150 sit,
1013 1122 1083 1144 esse
1101 1122 1170 1144 non
1192 1110 1294 1155 possit
1317 1110 1379 1144 nisi
1400 1110 1483 1144 inter
1505 1110 1567 1144 vin-

366 1177 488 1209 tuosos,
513 1177 636 1202 certum
655 1177 712 1208 est,
736 1177 768 1201 te
788 1168 902 1209 iudice,
926 1168 1063 1202 salutem
1083 1180 1150 1202 uon
1167 1168 1286 1209 deberi,
1310 1168 1344 1201 ni
1358 1167 1568 1202 solummodo

366 1224 528 1258 virtuosis.
576 1237 653 1259 cave
669 1235 789 1267 tamen,
805 1226 854 1259 vir
869 1226 1055 1268 scientifice,
1074 1226 1209 1271 qualiter
1225 1234 1348 1270 partem
1371 1237 1470 1270 quam
1491 1225 1568 1260 sub-

367 1283 503 1316 necteris
527 1294 679 1317 assumas.
727 1283 836 1317 scribis
857 1284 1022 1328 equidem:
1044 1284 1107 1318 hoc
1123 1294 1232 1318 autem
1249 1295 1324 1318 cum
1340 1283 1443 1325 liceat,
1461 1283 1569 1318 licebit

367 1349 399 1373 et
422 1340 538 1374 salutes
572 1341 724 1385 plurimas
762 1341 820 1375 sibi
845 1341 939 1376 dicas.
998 1341 1073 1386 quid
1097 1342 1123 1375 si
1157 1342 1323 1386 negaverit
1345 1342 1504 1386 quispiam
1535 1351 1568 1376 et

367 1399 567 1443 egometipse
590 1410 658 1433 non
688 1398 787 1433 fatear
810 1400 930 1444 aliquas
957 1400 991 1433 in
1019 1411 1073 1433 me
1097 1411 1167 1434 esse
1197 1400 1350 1434 virtutes?
1397 1400 1568 1445 quomodo

366 1456 459 1490 licere
481 1456 537 1490 tibi
561 1457 649 1501 quod
673 1469 761 1491 ames
785 1469 838 1491 me
861 1458 980 1502 poteris
1008 1458 1060 1492 vel
1083 1457 1253 1492 ostendere
1276 1458 1329 1492 vel
1353 1458 1568 1503 persuadere?

367 1516 486 1548 scimus
511 1516 556 1548 sic
587 1516 620 1549 in
645 1515 792 1560 operibus
816 1516 989 1550 hominum
1009 1528 1159 1561 apparere
1183 1517 1326 1557 virtutes,
1349 1516 1439 1561 quod
1461 1528 1502 1550 an
1525 1529 1567 1550 ex

367 1573 475 1607 habitu
505 1574 647 1608 virtuoso
675 1574 831 1618 prodeant
861 1576 1011 1619 ignotum
1044 1575 1138 1609 nobis
1167 1576 1217 1616 sit,
1250 1577 1407 1620 quoniam
1439 1576 1566 1610 virtutis

367 1629 519 1674 perfectio
542 1642 610 1664 non
639 1632 671 1664 in
696 1631 816 1666 actibus
840 1633 1037 1673 extrinsecis,
1061 1632 1117 1666 sed
1141 1633 1175 1666 in
1208 1634 1326 1667 mentis
1357 1632 1478 1667 actibus
1505 1634 1566 1667 sim

367 1696 414 1721 est
437 1687 491 1721 ubi
515 1688 702 1733 decoquitur
736 1699 767 1723 et
792 1689 958 1724 formatur.
1005 1702 1082 1724 nam
1106 1691 1139 1724 in
1163 1691 1281 1724 mentis
1312 1690 1426 1724 ordine
1448 1691 1565 1725 volun-

366 1746 500 1790 tatisque
525 1747 737 1781 destinatione
761 1748 862 1792 qualis
886 1757 975 1782 actus
992 1758 1142 1783 externus
1158 1748 1220 1782 dici
1244 1748 1359 1782 debeat
1382 1757 1562 1794 generatur.

1601 940 1640 966 10

1597 1230 1636 1264 15

1593 1523 1639 1548 2⁰

366 1802 509 1836 credisne
529 1804 674 1844 Brutum,
693 1815 826 1838 romane
849 1805 1001 1839 libertatis
1018 1815 1194 1846 auctorem,
1212 1818 1286 1839 cum
1309 1806 1392 1839 filios
1411 1805 1451 1839 de
1469 1805 1564 1840 redu·
1589 1813 1633 1847 215

367 1862 474 1896 cendis
497 1863 624 1907 regibus
648 1865 804 1908 agitantes
838 1867 939 1899 securi
962 1867 1083 1910 percuti
1113 1867 1215 1907 iussit,
1248 1866 1375 1900 affectui
1398 1867 1562 1911 rigorique

363 1920 504 1962 paruisse
528 1921 660 1962 iusticie,
691 1934 759 1956 non
788 1924 894 1967 potius
918 1935 994 1957 cum
1018 1925 1120 1959 salute
1143 1926 1242 1969 patrie
1266 1924 1431 1959 mundane
1459 1924 1562 1958 nudis

363 1977 501 2021 gloriam
523 1979 706 2023 cogitasse?
751 1980 825 2014 audi
849 1993 943 2026 super
959 1982 1023 2016 hoc
1042 1982 1120 2027 quid
1139 1993 1307 2027 poetarum
1325 1982 1562 2016 laudatissimus

364 2036 456 2069 Maro
479 2046 589 2070 noster
611 2038 786 2082 protulerit.
834 2039 874 2072 de
898 2041 997 2074 Bruto
1020 2052 1160 2085 namque
1183 2041 1320 2086 loquens
1343 2042 1404 2075 ait:

578 2110 705 2137 Consulis
721 2110 866 2146 imperium
885 2112 929 2139 hic
948 2113 1052 2148 primus
1067 2121 1202 2150 sevasque
1220 2122 1329 2140 secures

575 2158 706 2194 Accipiet,
725 2166 858 2196 natosque
877 2167 953 2196 pater
971 2170 1042 2189 nova
1061 2161 1134 2189 bella
1153 2168 1295 2189 moventes

572 2206 616 2234 Ad
635 2216 735 2242 penam
753 2208 847 2244 pulcra
866 2218 916 2245 pro
935 2210 1057 2245 libertate
1075 2211 1195 2246 vocabit,

572 2255 673 2283 Infelix.
707 2263 844 2294 utcunque
863 2258 947 2286 serent
966 2268 998 2286 ea
1017 2259 1089 2287 facta
1108 2261 1236 2294 minores,

571 2305 669 2332 Vincet
688 2315 765 2333 amor
784 2307 867 2342 patrie
886 2307 1049 2346 laudumque
1068 2310 1203 2338 immensa
1223 2309 1323 2345 cupido
1332 2309 1375 2336 (¹).

415 2385 447 2401 12.
462 2379 518 2402 Cod.
533 2380 631 2403 amicitia

394 2453 437 2490 (1)
456 2455 544 2483 Vmc.
565 2458 628 2485 Aen.
647 2458 694 2492 VI,
714 2459 847 2495 819-823.

1587 2107 1635 2141 3o
