<?xml version="1.0" encoding="UTF-8"?>
<!DOCTYPE html PUBLIC "-//W3C//DTD XHTML 1.0 Transitional//EN"
    "http://www.w3.org/TR/xhtml1/DTD/xhtml1-transitional.dtd">
<html xmlns="http://www.w3.org/1999/xhtml" xml:lang="en" lang="en">
 <head>
  <title>
</title>
<meta http-equiv="Content-Type" content="text/html;charset=utf-8" />
  <meta name='ocr-system' content='tesseract 3.04.00' />
  <meta name='ocr-capabilities' content='ocr_page ocr_carea ocr_par ocr_line ocrx_word'/>
</head>
<body>
  <div class='ocr_page' id='page_1' title='image "./epistolariodicol17saluuoft_0592.png"; bbox 0 0 1682 2762; ppageno 0'>
   <div class='ocr_carea' id='block_1_1' title="bbox 67 380 281 485">
    <p class='ocr_par' dir='ltr' id='par_1_1' title="bbox 67 380 281 485">
     <span class='ocr_line' id='line_1_1' title="bbox 67 380 281 403; baseline -0.014 0"><span class='ocrx_word' id='word_1_1' title='bbox 67 389 100 403; x_wconf 75' lang='lat' dir='ltr'><strong>ma</strong></span> <span class='ocrx_word' id='word_1_2' title='bbox 111 382 130 403; x_wconf 82' lang='grc' dir='ltr'><strong>ι1</strong></span> <span class='ocrx_word' id='word_1_3' title='bbox 141 388 177 403; x_wconf 77' lang='lat' dir='ltr'><strong>cos</strong></span> <span class='ocrx_word' id='word_1_4' title='bbox 203 386 235 402; x_wconf 77' lang='lat' dir='ltr'><strong>tto</strong></span> <span class='ocrx_word' id='word_1_5' title='bbox 247 380 281 401; x_wconf 85' lang='lat' dir='ltr'><strong>del</strong></span> 
     </span>
     <span class='ocr_line' id='line_1_2' title="bbox 69 408 281 431; baseline -0.009 -1"><span class='ocrx_word' id='word_1_6' title='bbox 69 409 146 431; x_wconf 79' lang='lat' dir='ltr'><strong>celeste</strong></span> <span class='ocrx_word' id='word_1_7' title='bbox 179 409 247 429; x_wconf 79' lang='lat' dir='ltr'><strong>iudice</strong></span> <span class='ocrx_word' id='word_1_8' title='bbox 262 408 281 428; x_wconf 76' lang='lat' dir='ltr'><strong>la</strong></span> 
     </span>
     <span class='ocr_line' id='line_1_3' title="bbox 68 436 280 458; baseline -0.014 0"><span class='ocrx_word' id='word_1_9' title='bbox 68 443 117 458; x_wconf 77' lang='lat' dir='ltr'><strong>con</strong></span> <span class='ocrx_word' id='word_1_10' title='bbox 134 443 160 457; x_wconf 77' lang='lat' dir='ltr'><strong>an</strong></span> <span class='ocrx_word' id='word_1_11' title='bbox 175 437 197 456; x_wconf 62' lang='lat' dir='ltr'><strong>ra</strong></span> <span class='ocrx_word' id='word_1_12' title='bbox 216 436 280 456; x_wconf 80' lang='lat' dir='ltr'><strong>diver-</strong></span> 
     </span>
     <span class='ocr_line' id='line_1_4' title="bbox 68 469 169 485; baseline 0 -1"><span class='ocrx_word' id='word_1_13' title='bbox 68 469 169 485; x_wconf 63' lang='lat' dir='ltr'><strong>§.meule-</strong></span> 
     </span>
    </p>
   </div>
   <div class='ocr_carea' id='block_1_2' title="bbox 68 504 282 664">
    <p class='ocr_par' dir='ltr' id='par_1_2' title="bbox 96 504 281 525">
     <span class='ocr_line' id='line_1_5' title="bbox 96 504 281 525; baseline -0.016 0"><span class='ocrx_word' id='word_1_14' title='bbox 96 504 148 525; x_wconf 69' lang='lat' dir='ltr'><strong>eon</strong></span> <span class='ocrx_word' id='word_1_15' title='bbox 167 504 184 524; x_wconf 79' lang='grc' dir='ltr'>ιί</span> <span class='ocrx_word' id='word_1_16' title='bbox 203 508 281 523; x_wconf 78' lang='lat' dir='ltr'><strong>scrute-</strong></span> 
     </span>
    </p>

    <p class='ocr_par' dir='ltr' id='par_1_3' title="bbox 68 530 282 664">
     <span class='ocr_line' id='line_1_6' title="bbox 68 530 281 554; baseline -0.014 -2"><span class='ocrx_word' id='word_1_17' title='bbox 68 538 132 552; x_wconf 75' lang='lat' dir='ltr'><strong>rnuno</strong></span> <span class='ocrx_word' id='word_1_18' title='bbox 154 532 160 550; x_wconf 91' lang='lat' dir='ltr'><strong>i</strong></span> <span class='ocrx_word' id='word_1_19' title='bbox 183 530 249 554; x_wconf 84' lang='lat' dir='ltr'><strong>cuori,</strong></span> <span class='ocrx_word' id='word_1_20' title='bbox 263 530 281 549; x_wconf 76' lang='lat' dir='ltr'><strong>ai</strong></span> 
     </span>
     <span class='ocr_line' id='line_1_7' title="bbox 69 556 282 579; baseline -0.014 0"><span class='ocrx_word' id='word_1_21' title='bbox 69 559 185 579; x_wconf 74' lang='lat' dir='ltr'><strong>esaminenl</strong></span> <span class='ocrx_word' id='word_1_22' title='bbox 213 563 234 577; x_wconf 84' lang='lat' dir='ltr'><strong>se</strong></span> <span class='ocrx_word' id='word_1_23' title='bbox 262 556 282 576; x_wconf 75' lang='lat'><strong>1-</strong></span> 
     </span>
     <span class='ocr_line' id='line_1_8' title="bbox 69 584 282 613; baseline -0.014 -7"><span class='ocrx_word' id='word_1_24' title='bbox 69 585 128 613; x_wconf 75' lang='lat' dir='ltr'><strong>pap-1</strong></span> <span class='ocrx_word' id='word_1_25' title='bbox 155 585 223 612; x_wconf 68' lang='lat' dir='ltr'><strong>grazia</strong></span> <span class='ocrx_word' id='word_1_26' title='bbox 252 584 282 603; x_wconf 73' lang='lat' dir='ltr'><strong>sia</strong></span> 
     </span>
     <span class='ocr_line' id='line_1_9' title="bbox 69 610 282 638; baseline -0.014 -5"><span class='ocrx_word' id='word_1_27' title='bbox 69 617 123 633; x_wconf 71' lang='lat' dir='ltr'><strong>nata</strong></span> <span class='ocrx_word' id='word_1_28' title='bbox 150 612 188 632; x_wconf 85' lang='lat' dir='ltr'><strong>ben</strong></span> <span class='ocrx_word' id='word_1_29' title='bbox 217 610 282 638; x_wconf 73' lang='lat' dir='ltr'><strong>appli-</strong></span> 
     </span>
     <span class='ocr_line' id='line_1_10' title="bbox 69 644 129 664; baseline 0 -4"><span class='ocrx_word' id='word_1_30' title='bbox 69 644 129 664; x_wconf 68' lang='grc' dir='ltr'><strong>ειυς</strong></span> 
     </span>
    </p>
   </div>
   <div class='ocr_carea' id='block_1_3' title="bbox 68 731 284 922">
    <p class='ocr_par' dir='ltr' id='par_1_4' title="bbox 68 731 284 922">
     <span class='ocr_line' id='line_1_11' title="bbox 69 731 283 754; baseline -0.014 0"><span class='ocrx_word' id='word_1_31' title='bbox 69 740 91 754; x_wconf 77' lang='lat' dir='ltr'><strong>se</strong></span> <span class='ocrx_word' id='word_1_32' title='bbox 107 733 140 753; x_wconf 88' lang='lat' dir='ltr'><strong>chi</strong></span> <span class='ocrx_word' id='word_1_33' title='bbox 154 733 174 752; x_wconf 78' lang='lat' dir='ltr'><strong>ln</strong></span> <span class='ocrx_word' id='word_1_34' title='bbox 188 731 283 753; x_wconf 61' lang='lat' dir='ltr'><strong>senecias</strong></span> 
     </span>
     <span class='ocr_line' id='line_1_12' title="bbox 69 758 283 781; baseline -0.014 0"><span class='ocrx_word' id='word_1_35' title='bbox 69 760 91 781; x_wconf 81' lang='lat' dir='ltr'><strong>fu</strong></span> <span class='ocrx_word' id='word_1_36' title='bbox 113 761 194 780; x_wconf 74' lang='lat' dir='ltr'><strong>sincero</strong></span> <span class='ocrx_word' id='word_1_37' title='bbox 215 765 226 779; x_wconf 86' lang='lat' dir='ltr'><strong>e</strong></span> <span class='ocrx_word' id='word_1_38' title='bbox 249 758 283 778; x_wconf 78' lang='lat' dir='ltr'><strong>nel</strong></span> 
     </span>
     <span class='ocr_line' id='line_1_13' title="bbox 68 786 283 814; baseline -0.014 -6"><span class='ocrx_word' id='word_1_39' title='bbox 68 786 200 814; x_wconf 73' lang='lat' dir='ltr'><strong>eonseguirln</strong></span> <span class='ocrx_word' id='word_1_40' title='bbox 240 792 283 805; x_wconf 84' lang='lat' dir='ltr'><strong>non</strong></span> 
     </span>
     <span class='ocr_line' id='line_1_14' title="bbox 69 812 283 841; baseline -0.014 -6"><span class='ocrx_word' id='word_1_41' title='bbox 69 815 116 835; x_wconf 75' lang='lat' dir='ltr'><strong>vide</strong></span> <span class='ocrx_word' id='word_1_42' title='bbox 127 813 174 841; x_wconf 76' lang='lat' dir='ltr'><strong>qual</strong></span> <span class='ocrx_word' id='word_1_43' title='bbox 184 812 283 833; x_wconf 74' lang='lat' dir='ltr'><strong>scmdnlo</strong></span> 
     </span>
     <span class='ocr_line' id='line_1_15' title="bbox 70 839 283 866; baseline -0.014 -4"><span class='ocrx_word' id='word_1_44' title='bbox 70 841 182 862; x_wconf 79' lang='lat' dir='ltr'><strong>sollevasse</strong></span> <span class='ocrx_word' id='word_1_45' title='bbox 190 848 194 860; x_wconf 91' lang='lat'>:</span> <span class='ocrx_word' id='word_1_46' title='bbox 201 839 248 866; x_wconf 74' lang='lat' dir='ltr'><strong>guni</strong></span> <span class='ocrx_word' id='word_1_47' title='bbox 254 840 283 859; x_wconf 87' lang='lat' dir='ltr'><strong>in-</strong></span> 
     </span>
     <span class='ocr_line' id='line_1_16' title="bbox 69 867 284 888; baseline -0.009 0"><span class='ocrx_word' id='word_1_48' title='bbox 69 868 137 888; x_wconf 73' lang='lat' dir='ltr'><strong>fmia</strong></span> <span class='ocrx_word' id='word_1_49' title='bbox 149 867 182 887; x_wconf 82' lang='lat' dir='ltr'><strong>ehi</strong></span> <span class='ocrx_word' id='word_1_50' title='bbox 209 872 284 887; x_wconf 64' lang='lat' dir='ltr'><strong>revoca</strong></span> 
     </span>
     <span class='ocr_line' id='line_1_17' title="bbox 71 874 220 922; baseline -0.013 -7"><span class='ocrx_word' id='word_1_51' title='bbox 71 895 101 922; x_wconf 84' lang='lat' dir='ltr'><strong>gli</strong></span> <span class='ocrx_word' id='word_1_52' title='bbox 118 874 220 915; x_wconf 65' lang='lat' dir='ltr'><strong>:cnud-fii</strong></span> 
     </span>
    </p>
   </div>
   <div class='ocr_carea' id='block_1_4' title="bbox 72 1082 286 1189">
    <p class='ocr_par' dir='ltr' id='par_1_5' title="bbox 72 1082 286 1189">
     <span class='ocr_line' id='line_1_18' title="bbox 99 1082 285 1110; baseline -0.011 -5"><span class='ocrx_word' id='word_1_53' title='bbox 99 1083 186 1105; x_wconf 72' lang='lat' dir='ltr'><strong>Diu-nti</strong></span> <span class='ocrx_word' id='word_1_54' title='bbox 207 1090 219 1104; x_wconf 81' lang='grc' dir='ltr'>ι</span> <span class='ocrx_word' id='word_1_55' title='bbox 238 1082 285 1110; x_wconf 86' lang='lat' dir='ltr'><strong>quel</strong></span> 
     </span>
     <span class='ocr_line' id='line_1_19' title="bbox 72 1111 285 1137; baseline -0.009 -5"><span class='ocrx_word' id='word_1_56' title='bbox 72 1111 172 1132; x_wconf 70' lang='lat' dir='ltr'>tribunale</span> <span class='ocrx_word' id='word_1_57' title='bbox 180 1117 285 1137; x_wconf 77' lang='lat' dir='ltr'><strong>supremo,</strong></span> 
     </span>
     <span class='ocr_line' id='line_1_20' title="bbox 73 1138 286 1166; baseline -0.009 -7"><span class='ocrx_word' id='word_1_58' title='bbox 73 1139 112 1159; x_wconf 79' lang='lat' dir='ltr'><strong>ben</strong></span> <span class='ocrx_word' id='word_1_59' title='bbox 122 1139 156 1166; x_wconf 75' lang='lat' dir='ltr'><strong>piu</strong></span> <span class='ocrx_word' id='word_1_60' title='bbox 166 1144 239 1158; x_wconf 70' lang='lat' dir='ltr'><strong>severo</strong></span> <span class='ocrx_word' id='word_1_61' title='bbox 249 1138 286 1158; x_wconf 80' lang='lat' dir='ltr'><strong>che</strong></span> 
     </span>
     <span class='ocr_line' id='line_1_21' title="bbox 73 1165 231 1189; baseline -0.013 -3"><span class='ocrx_word' id='word_1_62' title='bbox 73 1172 116 1186; x_wconf 81' lang='lat' dir='ltr'><strong>non</strong></span> <span class='ocrx_word' id='word_1_63' title='bbox 131 1165 148 1186; x_wconf 72' lang='lat'><strong>³1</strong></span> <span class='ocrx_word' id='word_1_64' title='bbox 163 1165 231 1189; x_wconf 71' lang='lat' dir='ltr'><strong>creda,</strong></span> 
     </span>
    </p>
   </div>
   <div class='ocr_carea' id='block_1_5' title="bbox 74 1206 288 1369">
    <p class='ocr_par' dir='ltr' id='par_1_6' title="bbox 74 1206 288 1369">
     <span class='ocr_line' id='line_1_22' title="bbox 74 1206 286 1227; baseline -0.014 0"><span class='ocrx_word' id='word_1_65' title='bbox 74 1207 91 1227; x_wconf 75' lang='lat' dir='ltr'><strong>si</strong></span> <span class='ocrx_word' id='word_1_66' title='bbox 102 1206 165 1227; x_wconf 62' lang='lat' dir='ltr'><strong>vedrd</strong></span> <span class='ocrx_word' id='word_1_67' title='bbox 178 1211 255 1225; x_wconf 73' lang='lat' dir='ltr'><strong>ancon</strong></span> <span class='ocrx_word' id='word_1_68' title='bbox 265 1211 286 1224; x_wconf 74' lang='lat' dir='ltr'><strong>se</strong></span> 
     </span>
     <span class='ocr_line' id='line_1_23' title="bbox 74 1231 287 1254; baseline -0.014 0"><span class='ocrx_word' id='word_1_69' title='bbox 74 1233 109 1254; x_wconf 84' lang='lat' dir='ltr'><strong>chi</strong></span> <span class='ocrx_word' id='word_1_70' title='bbox 130 1234 213 1253; x_wconf 64' lang='lat' dir='ltr'><strong>incon-se</strong></span> <span class='ocrx_word' id='word_1_71' title='bbox 232 1231 287 1252; x_wconf 70' lang='lat' dir='ltr'><strong>nella</strong></span> 
     </span>
     <span class='ocr_line' id='line_1_24' title="bbox 74 1259 287 1286; baseline -0.014 -5"><span class='ocrx_word' id='word_1_72' title='bbox 74 1260 195 1281; x_wconf 71' lang='lat' dir='ltr'><strong>acomunicn</strong></span> <span class='ocrx_word' id='word_1_73' title='bbox 205 1259 246 1286; x_wconf 74' lang='lat' dir='ltr'><strong>puo</strong></span> <span class='ocrx_word' id='word_1_74' title='bbox 256 1265 287 1278; x_wconf 78' lang='lat' dir='ltr'><strong>es-</strong></span> 
     </span>
     <span class='ocr_line' id='line_1_25' title="bbox 74 1286 288 1308; baseline -0.014 0"><span class='ocrx_word' id='word_1_75' title='bbox 74 1294 133 1308; x_wconf 76' lang='lat' dir='ltr'><strong>serne</strong></span> <span class='ocrx_word' id='word_1_76' title='bbox 142 1286 221 1307; x_wconf 68' lang='lat' dir='ltr'><strong>molto</strong></span> <span class='ocrx_word' id='word_1_77' title='bbox 227 1292 288 1306; x_wconf 73' lang='lat' dir='ltr'><strong>tenu</strong></span> 
     </span>
     <span class='ocr_line' id='line_1_26' title="bbox 75 1312 287 1335; baseline -0.014 0"><span class='ocrx_word' id='word_1_78' title='bbox 75 1319 145 1335; x_wconf 76' lang='lat' dir='ltr'><strong>scotto</strong></span> <span class='ocrx_word' id='word_1_79' title='bbox 169 1313 244 1334; x_wconf 71' lang='lat' dir='ltr'><strong>alcuna</strong></span> <span class='ocrx_word' id='word_1_80' title='bbox 267 1312 287 1332; x_wconf 86' lang='lat' dir='ltr'><strong>di</strong></span> 
     </span>
     <span class='ocr_line' id='line_1_27' title="bbox 74 1342 216 1369; baseline -0.014 -7"><span class='ocrx_word' id='word_1_81' title='bbox 74 1342 216 1369; x_wconf 74' lang='lat' dir='ltr'><strong>pentimenm3</strong></span> 
     </span>
    </p>
   </div>
   <div class='ocr_carea' id='block_1_6' title="bbox 76 1433 292 1706">
    <p class='ocr_par' dir='ltr' id='par_1_7' title="bbox 76 1433 292 1706">
     <span class='ocr_line' id='line_1_28' title="bbox 76 1433 290 1457; baseline -0.014 -1"><span class='ocrx_word' id='word_1_82' title='bbox 76 1443 98 1457; x_wconf 78' lang='lat' dir='ltr'><strong>se</strong></span> <span class='ocrx_word' id='word_1_83' title='bbox 122 1435 136 1456; x_wconf 90' lang='lat' dir='ltr'><strong>il</strong></span> <span class='ocrx_word' id='word_1_84' title='bbox 163 1435 241 1456; x_wconf 70' lang='lat' dir='ltr'><strong>vicario</strong></span> <span class='ocrx_word' id='word_1_85' title='bbox 270 1433 290 1454; x_wconf 81' lang='lat' dir='ltr'><strong>di</strong></span> 
     </span>
     <span class='ocr_line' id='line_1_29' title="bbox 76 1460 289 1484; baseline -0.019 0"><span class='ocrx_word' id='word_1_86' title='bbox 76 1463 147 1484; x_wconf 72' lang='lat' dir='ltr'><strong>Criato</strong></span> <span class='ocrx_word' id='word_1_87' title='bbox 175 1462 235 1482; x_wconf 72' lang='lat' dir='ltr'><strong>abbia</strong></span> <span class='ocrx_word' id='word_1_88' title='bbox 258 1460 289 1480; x_wconf 73' lang='lat' dir='ltr'><strong>fn-</strong></span> 
     </span>
     <span class='ocr_line' id='line_1_30' title="bbox 77 1488 290 1515; baseline -0.014 -5"><span class='ocrx_word' id='word_1_89' title='bbox 77 1490 133 1511; x_wconf 66' lang='lat' dir='ltr'><strong>colui</strong></span> <span class='ocrx_word' id='word_1_90' title='bbox 153 1489 173 1510; x_wconf 83' lang='lat' dir='ltr'><strong>di</strong></span> <span class='ocrx_word' id='word_1_91' title='bbox 193 1488 290 1515; x_wconf 80' lang='lat' dir='ltr'><strong>scioglier</strong></span> 
     </span>
     <span class='ocr_line' id='line_1_31' title="bbox 78 1516 291 1538; baseline -0.014 -1"><span class='ocrx_word' id='word_1_92' title='bbox 78 1519 83 1537; x_wconf 89' lang='lat' dir='ltr'><strong>i</strong></span> <span class='ocrx_word' id='word_1_93' title='bbox 105 1517 150 1538; x_wconf 80' lang='lat' dir='ltr'><strong>voti</strong></span> <span class='ocrx_word' id='word_1_94' title='bbox 174 1516 255 1536; x_wconf 73' lang='lat' dir='ltr'><strong>solenni</strong></span> <span class='ocrx_word' id='word_1_95' title='bbox 279 1521 291 1534; x_wconf 82' lang='grc' dir='ltr'>ι</span> 
     </span>
     <span class='ocr_line' id='line_1_32' title="bbox 77 1542 290 1565; baseline -0.014 0"><span class='ocrx_word' id='word_1_96' title='bbox 77 1544 110 1565; x_wconf 83' lang='lat' dir='ltr'><strong>cul</strong></span> <span class='ocrx_word' id='word_1_97' title='bbox 125 1544 171 1564; x_wconf 75' lang='lat' dir='ltr'><strong>altri</strong></span> <span class='ocrx_word' id='word_1_98' title='bbox 185 1543 239 1563; x_wconf 73' lang='lat' dir='ltr'><strong>s&#39;era</strong></span> <span class='ocrx_word' id='word_1_99' title='bbox 254 1542 290 1562; x_wconf 86' lang='lat' dir='ltr'><strong>ob-</strong></span> 
     </span>
     <span class='ocr_line' id='line_1_33' title="bbox 79 1571 291 1598; baseline -0.014 -6"><span class='ocrx_word' id='word_1_100' title='bbox 79 1571 173 1598; x_wconf 69' lang='lat' dir='ltr'><strong>bli32103</strong></span> <span class='ocrx_word' id='word_1_101' title='bbox 198 1576 220 1590; x_wconf 72' lang='lat' dir='ltr'><strong>se</strong></span> <span class='ocrx_word' id='word_1_102' title='bbox 243 1575 291 1589; x_wconf 70' lang='lat' dir='ltr'><strong>esso</strong></span> 
     </span>
     <span class='ocr_line' id='line_1_34' title="bbox 79 1598 292 1623; baseline -0.019 -4"><span class='ocrx_word' id='word_1_103' title='bbox 79 1598 139 1619; x_wconf 76' lang='lat' dir='ltr'><strong>-bbin</strong></span> <span class='ocrx_word' id='word_1_104' title='bbox 154 1602 222 1617; x_wconf 70' lang='lat' dir='ltr'><strong>errato</strong></span> <span class='ocrx_word' id='word_1_105' title='bbox 232 1602 246 1617; x_wconf 89' lang='grc' dir='ltr'><strong>ο</strong></span> <span class='ocrx_word' id='word_1_106' title='bbox 255 1602 292 1623; x_wconf 83' lang='lat' dir='ltr'><strong>per</strong></span> 
     </span>
     <span class='ocr_line' id='line_1_35' title="bbox 79 1625 291 1646; baseline -0.019 0"><span class='ocrx_word' id='word_1_107' title='bbox 79 1625 100 1646; x_wconf 86' lang='lat' dir='ltr'><strong>lo</strong></span> <span class='ocrx_word' id='word_1_108' title='bbox 115 1631 176 1645; x_wconf 85' lang='lat' dir='ltr'><strong>meno</strong></span> <span class='ocrx_word' id='word_1_109' title='bbox 196 1625 216 1644; x_wconf 84' lang='lat' dir='ltr'><strong>in</strong></span> <span class='ocrx_word' id='word_1_110' title='bbox 235 1628 291 1643; x_wconf 81' lang='lat' dir='ltr'><strong>nmo</strong></span> 
     </span>
     <span class='ocr_line' id='line_1_36' title="bbox 79 1650 292 1679; baseline -0.014 -6"><span class='ocrx_word' id='word_1_111' title='bbox 79 1652 184 1679; x_wconf 68' lang='lat' dir='ltr'><strong>adempito</strong></span> <span class='ocrx_word' id='word_1_112' title='bbox 207 1650 243 1671; x_wconf 67' lang='lat'><strong>211¹</strong></span> <span class='ocrx_word' id='word_1_113' title='bbox 257 1650 292 1670; x_wconf 82' lang='lat' dir='ltr'><strong>ob-</strong></span> 
     </span>
     <span class='ocr_line' id='line_1_37' title="bbox 80 1679 198 1706; baseline -0.017 -6"><span class='ocrx_word' id='word_1_114' title='bbox 80 1679 137 1706; x_wconf 73' lang='lat' dir='ltr'><strong>hugo</strong></span> <span class='ocrx_word' id='word_1_115' title='bbox 153 1685 198 1698; x_wconf 86' lang='lat' dir='ltr'><strong>suo.</strong></span> 
     </span>
    </p>
   </div>
   <div class='ocr_carea' id='block_1_7' title="bbox 80 1726 296 1992">
    <p class='ocr_par' dir='ltr' id='par_1_8' title="bbox 80 1726 296 1992">
     <span class='ocr_line' id='line_1_38' title="bbox 107 1726 293 1749; baseline -0.016 0"><span class='ocrx_word' id='word_1_116' title='bbox 107 1729 213 1749; x_wconf 79' lang='lat' dir='ltr'><strong>Promette</strong></span> <span class='ocrx_word' id='word_1_117' title='bbox 224 1726 293 1747; x_wconf 76' lang='lat' dir='ltr'><strong>ins-ni</strong></span> 
     </span>
     <span class='ocr_line' id='line_1_39' title="bbox 80 1756 294 1781; baseline -0.009 -5"><span class='ocrx_word' id='word_1_118' title='bbox 80 1756 96 1776; x_wconf 81' lang='lat' dir='ltr'><strong>il</strong></span> <span class='ocrx_word' id='word_1_119' title='bbox 123 1761 220 1779; x_wconf 72' lang='lat' dir='ltr'><strong>mon-co,</strong></span> <span class='ocrx_word' id='word_1_120' title='bbox 247 1761 294 1781; x_wconf 84' lang='lat' dir='ltr'><strong>pro·</strong></span> 
     </span>
     <span class='ocr_line' id='line_1_40' title="bbox 81 1781 294 1806; baseline -0.014 -3"><span class='ocrx_word' id='word_1_121' title='bbox 81 1782 197 1803; x_wconf 73' lang='lat' dir='ltr'><strong>numi-ndo</strong></span> <span class='ocrx_word' id='word_1_122' title='bbox 214 1782 219 1801; x_wconf 90' lang='lat' dir='ltr'><strong>i</strong></span> <span class='ocrx_word' id='word_1_123' title='bbox 241 1781 294 1806; x_wconf 80' lang='lat' dir='ltr'><strong>voti,</strong></span> 
     </span>
     <span class='ocr_line' id='line_1_41' title="bbox 83 1810 293 1830; baseline -0.01 0"><span class='ocrx_word' id='word_1_124' title='bbox 83 1810 103 1830; x_wconf 82' lang='lat' dir='ltr'><strong>d&#39;</strong></span> <span class='ocrx_word' id='word_1_125' title='bbox 112 1816 169 1830; x_wconf 79' lang='lat' dir='ltr'><strong>esser</strong></span> <span class='ocrx_word' id='word_1_126' title='bbox 184 1813 278 1829; x_wconf 64' lang='lat' dir='ltr'><strong>costante</strong></span> <span class='ocrx_word' id='word_1_127' title='bbox 288 1815 293 1828; x_wconf 71' lang='lat' dir='ltr'><strong><em>z</em></strong></span> 
     </span>
     <span class='ocr_line' id='line_1_42' title="bbox 83 1835 294 1857; baseline -0.009 0"><span class='ocrx_word' id='word_1_128' title='bbox 83 1844 107 1857; x_wconf 88' lang='lat' dir='ltr'><strong>or</strong></span> <span class='ocrx_word' id='word_1_129' title='bbox 134 1837 166 1856; x_wconf 81' lang='lat' dir='ltr'><strong>chi</strong></span> <span class='ocrx_word' id='word_1_130' title='bbox 190 1835 252 1856; x_wconf 72' lang='lat' dir='ltr'><strong>lasci·</strong></span> <span class='ocrx_word' id='word_1_131' title='bbox 281 1835 294 1855; x_wconf 87' lang='lat' dir='ltr'><strong>il</strong></span> 
     </span>
     <span class='ocr_line' id='line_1_43' title="bbox 82 1863 295 1891; baseline -0.009 -7"><span class='ocrx_word' id='word_1_132' title='bbox 82 1863 165 1891; x_wconf 84' lang='lat' dir='ltr'><strong>proprio</strong></span> <span class='ocrx_word' id='word_1_133' title='bbox 194 1863 295 1887; x_wconf 68' lang='lat' dir='ltr'><strong>chio-tro,</strong></span> 
     </span>
     <span class='ocr_line' id='line_1_44' title="bbox 83 1890 295 1911; baseline -0.009 0"><span class='ocrx_word' id='word_1_134' title='bbox 83 1891 114 1911; x_wconf 74' lang='lat' dir='ltr'><strong>dis</strong></span> <span class='ocrx_word' id='word_1_135' title='bbox 129 1890 230 1910; x_wconf 78' lang='lat' dir='ltr'><strong>rezzmdo</strong></span> <span class='ocrx_word' id='word_1_136' title='bbox 242 1890 248 1909; x_wconf 88' lang='lat' dir='ltr'><strong>i</strong></span> <span class='ocrx_word' id='word_1_137' title='bbox 259 1896 295 1910; x_wconf 80' lang='lat' dir='ltr'><strong>vo·</strong></span> 
     </span>
     <span class='ocr_line' id='line_1_45' title="bbox 83 1917 295 1944; baseline -0.005 -7"><span class='ocrx_word' id='word_1_138' title='bbox 83 1917 121 1938; x_wconf 86' lang='lat' dir='ltr'><strong>len</strong></span> <span class='ocrx_word' id='word_1_139' title='bbox 143 1917 176 1937; x_wconf 88' lang='lat' dir='ltr'><strong>de&#39;</strong></span> <span class='ocrx_word' id='word_1_140' title='bbox 187 1917 295 1944; x_wconf 80' lang='lat' dir='ltr'><strong>superiori.</strong></span> 
     </span>
     <span class='ocr_line' id='line_1_46' title="bbox 83 1943 296 1971; baseline -0.009 -6"><span class='ocrx_word' id='word_1_141' title='bbox 83 1951 126 1965; x_wconf 85' lang='lat' dir='ltr'><strong>non</strong></span> <span class='ocrx_word' id='word_1_142' title='bbox 137 1945 162 1964; x_wconf 60' lang='lat' dir='ltr'><strong>da</strong></span> <span class='ocrx_word' id='word_1_143' title='bbox 175 1950 239 1971; x_wconf 73' lang='lat' dir='ltr'><strong>prov·</strong></span> <span class='ocrx_word' id='word_1_144' title='bbox 249 1943 296 1963; x_wconf 72' lang='lat' dir='ltr'><strong>dav-</strong></span> 
     </span>
     <span class='ocr_line' id='line_1_47' title="bbox 83 1971 277 1992; baseline -0.01 0"><span class='ocrx_word' id='word_1_145' title='bbox 83 1978 131 1992; x_wconf 80' lang='lat' dir='ltr'><strong>vero</strong></span> <span class='ocrx_word' id='word_1_146' title='bbox 142 1971 162 1991; x_wconf 84' lang='lat' dir='ltr'><strong>di</strong></span> <span class='ocrx_word' id='word_1_147' title='bbox 173 1975 277 1991; x_wconf 72' lang='lat' dir='ltr'><strong>eost-nn.</strong></span> 
     </span>
    </p>
   </div>
   <div class='ocr_carea' id='block_1_8' title="bbox 309 240 1076 285">
    <p class='ocr_par' dir='ltr' id='par_1_9' title="bbox 309 240 1076 285">
     <span class='ocr_line' id='line_1_48' title="bbox 309 240 1076 285; baseline -0.005 -10"><span class='ocrx_word' id='word_1_148' title='bbox 309 240 371 285; x_wconf 87' lang='lat'><strong>578</strong></span> <span class='ocrx_word' id='word_1_149' title='bbox 737 243 1076 273; x_wconf 74' lang='lat' dir='ltr'><strong>EPISTOLARm</strong></span> 
     </span>
    </p>
   </div>
   <div class='ocr_carea' id='block_1_9' title="bbox 311 306 1511 319">
    <p class='ocr_par' dir='ltr' id='par_1_10' title="bbox 311 306 1511 319">
     <span class='ocr_line' id='line_1_49' title="bbox 311 306 1511 319; baseline 0 2443"><span class='ocrx_word' id='word_1_150' title='bbox 311 306 1511 319; x_wconf 95' lang='lat' dir='ltr'><strong> </strong></span> 
     </span>
    </p>
   </div>
   <div class='ocr_carea' id='block_1_10' title="bbox 310 367 1526 2116">
    <p class='ocr_par' dir='ltr' id='par_1_11' title="bbox 310 367 1526 2116">
     <span class='ocr_line' id='line_1_50' title="bbox 310 367 1510 415; baseline -0.008 -6"><span class='ocrx_word' id='word_1_151' title='bbox 310 376 502 410; x_wconf 89' lang='lat' dir='ltr'>obtinerent.</span> <span class='ocrx_word' id='word_1_152' title='bbox 550 382 684 407; x_wconf 88' lang='lat' dir='ltr'><strong>caveant</strong></span> <span class='ocrx_word' id='word_1_153' title='bbox 703 382 813 407; x_wconf 92' lang='lat' dir='ltr'><strong>tamen</strong></span> <span class='ocrx_word' id='word_1_154' title='bbox 831 371 988 406; x_wconf 89' lang='lat' dir='ltr'><strong>iudicium</strong></span> <span class='ocrx_word' id='word_1_155' title='bbox 1011 371 1088 415; x_wconf 89' lang='lat' dir='ltr'><strong>poli,</strong></span> <span class='ocrx_word' id='word_1_156' title='bbox 1112 370 1268 415; x_wconf 89' lang='lat' dir='ltr'><strong>quoniam</strong></span> <span class='ocrx_word' id='word_1_157' title='bbox 1291 368 1334 402; x_wconf 90' lang='lat' dir='ltr'><strong>ibi</strong></span> <span class='ocrx_word' id='word_1_158' title='bbox 1357 380 1425 402; x_wconf 92' lang='lat' dir='ltr'><strong>non</strong></span> <span class='ocrx_word' id='word_1_159' title='bbox 1449 367 1510 412; x_wconf 88' lang='lat' dir='ltr'><strong>pri-</strong></span> 
     </span>
     <span class='ocr_line' id='line_1_51' title="bbox 310 426 1512 479; baseline -0.007 -11"><span class='ocrx_word' id='word_1_160' title='bbox 310 434 447 479; x_wconf 81' lang='lat' dir='ltr'><strong>vilegii5‚</strong></span> <span class='ocrx_word' id='word_1_161' title='bbox 473 444 540 467; x_wconf 90' lang='lat' dir='ltr'><strong>non</strong></span> <span class='ocrx_word' id='word_1_162' title='bbox 566 431 699 466; x_wconf 91' lang='lat' dir='ltr'><strong>testibus</strong></span> <span class='ocrx_word' id='word_1_163' title='bbox 727 431 778 465; x_wconf 90' lang='lat' dir='ltr'><strong>vel</strong></span> <span class='ocrx_word' id='word_1_164' title='bbox 808 430 1027 464; x_wconf 87' lang='lat' dir='ltr'><strong>instrumentis</strong></span> <span class='ocrx_word' id='word_1_165' title='bbox 1058 429 1173 473; x_wconf 85' lang='lat' dir='ltr'><strong>agitur,</strong></span> <span class='ocrx_word' id='word_1_166' title='bbox 1198 427 1254 462; x_wconf 87' lang='lat' dir='ltr'><strong>sed</strong></span> <span class='ocrx_word' id='word_1_167' title='bbox 1285 438 1364 472; x_wconf 86' lang='lat' dir='ltr'><strong>pura</strong></span> <span class='ocrx_word' id='word_1_168' title='bbox 1394 426 1512 460; x_wconf 90' lang='lat' dir='ltr'><strong>mentis</strong></span> 
     </span>
     <span class='ocr_line' id='line_1_52' title="bbox 310 484 1512 536; baseline -0.007 -9"><span class='ocrx_word' id='word_1_169' title='bbox 310 492 448 527; x_wconf 87' lang='lat' dir='ltr'><strong>intentio</strong></span> <span class='ocrx_word' id='word_1_170' title='bbox 469 490 673 536; x_wconf 87' lang='lat' dir='ltr'><strong>ponderatur.</strong></span> <span class='ocrx_word' id='word_1_171' title='bbox 722 489 921 523; x_wconf 85' lang='lat' dir='ltr'><strong>adducentur</strong></span> <span class='ocrx_word' id='word_1_172' title='bbox 936 489 968 522; x_wconf 91' lang='lat' dir='ltr'><strong>in</strong></span> <span class='ocrx_word' id='word_1_173' title='bbox 992 487 1147 522; x_wconf 91' lang='lat' dir='ltr'><strong>iudicium</strong></span> <span class='ocrx_word' id='word_1_174' title='bbox 1167 486 1286 521; x_wconf 89' lang='lat' dir='ltr'><strong>etenim</strong></span> <span class='ocrx_word' id='word_1_175' title='bbox 1304 484 1512 519; x_wconf 86' lang='lat' dir='ltr'><strong>concedentis</strong></span> 
     </span>
     <span class='ocr_line' id='line_1_53' title="bbox 310 542 1513 594; baseline -0.007 -9"><span class='ocrx_word' id='word_1_176' title='bbox 310 552 438 585; x_wconf 87' lang='lat' dir='ltr'><strong>animus</strong></span> <span class='ocrx_word' id='word_1_177' title='bbox 458 559 490 584; x_wconf 91' lang='lat' dir='ltr'><strong>et</strong></span> <span class='ocrx_word' id='word_1_178' title='bbox 506 561 547 583; x_wconf 89' lang='lat' dir='ltr'><strong>an</strong></span> <span class='ocrx_word' id='word_1_179' title='bbox 562 550 662 594; x_wconf 85' lang='lat' dir='ltr'><strong>gratia</strong></span> <span class='ocrx_word' id='word_1_180' title='bbox 679 548 767 583; x_wconf 89' lang='lat' dir='ltr'><strong>clave</strong></span> <span class='ocrx_word' id='word_1_181' title='bbox 783 547 973 593; x_wconf 89' lang='lat' dir='ltr'><strong>processerit</strong></span> <span class='ocrx_word' id='word_1_182' title='bbox 991 558 1059 580; x_wconf 92' lang='lat' dir='ltr'><strong>non</strong></span> <span class='ocrx_word' id='word_1_183' title='bbox 1076 555 1211 580; x_wconf 88' lang='lat' dir='ltr'><strong>errante.</strong></span> <span class='ocrx_word' id='word_1_184' title='bbox 1259 542 1513 578; x_wconf 84' lang='lat' dir='ltr'><strong>considerabitur</strong></span> 
     </span>
     <span class='ocr_line' id='line_1_54' title="bbox 310 600 1514 653; baseline -0.007 -10"><span class='ocrx_word' id='word_1_185' title='bbox 310 609 353 643; x_wconf 90' lang='lat' dir='ltr'><strong>ibi</strong></span> <span class='ocrx_word' id='word_1_186' title='bbox 378 621 470 642; x_wconf 89' lang='lat' dir='ltr'><strong>mens</strong></span> <span class='ocrx_word' id='word_1_187' title='bbox 495 608 632 653; x_wconf 89' lang='lat' dir='ltr'><strong>petentis</strong></span> <span class='ocrx_word' id='word_1_188' title='bbox 663 616 696 641; x_wconf 90' lang='lat' dir='ltr'><strong>et</strong></span> <span class='ocrx_word' id='word_1_189' title='bbox 719 619 759 641; x_wconf 91' lang='lat' dir='ltr'><strong>an</strong></span> <span class='ocrx_word' id='word_1_190' title='bbox 794 607 967 651; x_wconf 89' lang='lat' dir='ltr'><strong>quicquam</strong></span> <span class='ocrx_word' id='word_1_191' title='bbox 990 604 1084 638; x_wconf 90' lang='lat' dir='ltr'><strong>fuerit</strong></span> <span class='ocrx_word' id='word_1_192' title='bbox 1107 603 1279 638; x_wconf 88' lang='lat' dir='ltr'><strong>mendacio</strong></span> <span class='ocrx_word' id='word_1_193' title='bbox 1307 602 1431 636; x_wconf 89' lang='lat' dir='ltr'><strong>dictum</strong></span> <span class='ocrx_word' id='word_1_194' title='bbox 1460 600 1514 634; x_wconf 86' lang='lat' dir='ltr'><strong>vel</strong></span> 
     </span>
     <span class='ocr_line' id='line_1_55' title="bbox 311 659 1514 712; baseline -0.007 -10"><span class='ocrx_word' id='word_1_195' title='bbox 311 667 454 702; x_wconf 88' lang='lat' dir='ltr'><strong>veritatis</strong></span> <span class='ocrx_word' id='word_1_196' title='bbox 485 666 606 712; x_wconf 87' lang='lat' dir='ltr'><strong>aliquid</strong></span> <span class='ocrx_word' id='word_1_197' title='bbox 640 665 849 706; x_wconf 88' lang='lat' dir='ltr'><strong>occultatum,</strong></span> <span class='ocrx_word' id='word_1_198' title='bbox 872 663 1060 709; x_wconf 91' lang='lat' dir='ltr'><strong>nunquidve</strong></span> <span class='ocrx_word' id='word_1_199' title='bbox 1091 663 1318 698; x_wconf 89' lang='lat' dir='ltr'><strong>remissionem</strong></span> <span class='ocrx_word' id='word_1_200' title='bbox 1348 659 1514 705; x_wconf 90' lang='lat' dir='ltr'><strong>postulans</strong></span> 
     </span>
     <span class='ocr_line' id='line_1_56' title="bbox 311 720 1515 771; baseline -0.008 -10"><span class='ocrx_word' id='word_1_201' title='bbox 311 739 367 761; x_wconf 93' lang='lat' dir='ltr'><strong>cor</strong></span> <span class='ocrx_word' id='word_1_202' title='bbox 390 726 535 760; x_wconf 85' lang='lat' dir='ltr'><strong>habuerit</strong></span> <span class='ocrx_word' id='word_1_203' title='bbox 559 726 706 771; x_wconf 88' lang='lat' dir='ltr'><strong>penitens</strong></span> <span class='ocrx_word' id='word_1_204' title='bbox 730 734 762 759; x_wconf 90' lang='lat' dir='ltr'><strong>et</strong></span> <span class='ocrx_word' id='word_1_205' title='bbox 786 724 971 764; x_wconf 89' lang='lat' dir='ltr'><strong>contritum,</strong></span> <span class='ocrx_word' id='word_1_206' title='bbox 988 732 1020 757; x_wconf 93' lang='lat' dir='ltr'><strong>et</strong></span> <span class='ocrx_word' id='word_1_207' title='bbox 1039 734 1080 757; x_wconf 87' lang='lat' dir='ltr'><strong>an</strong></span> <span class='ocrx_word' id='word_1_208' title='bbox 1100 730 1322 756; x_wconf 87' lang='lat' dir='ltr'><strong>commeatum</strong></span> <span class='ocrx_word' id='word_1_209' title='bbox 1340 720 1515 763; x_wconf 87' lang='lat' dir='ltr'><strong>impetrans</strong></span> 
     </span>
     <span class='ocr_line' id='line_1_57' title="bbox 311 776 1515 825; baseline -0.008 -6"><span class='ocrx_word' id='word_1_210' title='bbox 311 784 364 819; x_wconf 87' lang='lat' dir='ltr'><strong>vel</strong></span> <span class='ocrx_word' id='word_1_211' title='bbox 387 783 541 818; x_wconf 91' lang='lat' dir='ltr'><strong>recedens</strong></span> <span class='ocrx_word' id='word_1_212' title='bbox 565 783 710 817; x_wconf 84' lang='lat' dir='ltr'><strong>habuerit</strong></span> <span class='ocrx_word' id='word_1_213' title='bbox 733 783 767 816; x_wconf 91' lang='lat' dir='ltr'><strong>in</strong></span> <span class='ocrx_word' id='word_1_214' title='bbox 791 783 919 816; x_wconf 89' lang='lat' dir='ltr'><strong>caritate</strong></span> <span class='ocrx_word' id='word_1_215' title='bbox 949 792 1043 815; x_wconf 91' lang='lat' dir='ltr'><strong>suum</strong></span> <span class='ocrx_word' id='word_1_216' title='bbox 1068 779 1120 814; x_wconf 88' lang='lat' dir='ltr'><strong>vel</strong></span> <span class='ocrx_word' id='word_1_217' title='bbox 1154 779 1292 825; x_wconf 85' lang='lat' dir='ltr'><strong>proximi</strong></span> <span class='ocrx_word' id='word_1_218' title='bbox 1327 776 1515 811; x_wconf 88' lang='lat' dir='ltr'><strong>scandalum</strong></span> 
     </span>
     <span class='ocr_line' id='line_1_58' title="bbox 312 836 1515 888; baseline -0.007 -11"><span class='ocrx_word' id='word_1_219' title='bbox 312 843 524 888; x_wconf 90' lang='lat' dir='ltr'><strong>exploratum.</strong></span> <span class='ocrx_word' id='word_1_220' title='bbox 572 854 612 875; x_wconf 90' lang='lat' dir='ltr'><strong>ve</strong></span> <span class='ocrx_word' id='word_1_221' title='bbox 631 841 763 887; x_wconf 91' lang='lat' dir='ltr'><strong>quidem</strong></span> <span class='ocrx_word' id='word_1_222' title='bbox 784 841 813 875; x_wconf 89' lang='lat' dir='ltr'><strong>ei</strong></span> <span class='ocrx_word' id='word_1_223' title='bbox 831 852 887 886; x_wconf 87' lang='lat' dir='ltr'><strong>per</strong></span> <span class='ocrx_word' id='word_1_224' title='bbox 905 851 1003 885; x_wconf 91' lang='lat' dir='ltr'><strong>quem</strong></span> <span class='ocrx_word' id='word_1_225' title='bbox 1022 838 1172 873; x_wconf 91' lang='lat' dir='ltr'><strong>scandala</strong></span> <span class='ocrx_word' id='word_1_226' title='bbox 1190 837 1340 871; x_wconf 87' lang='lat' dir='ltr'><strong>veniunt!</strong></span> <span class='ocrx_word' id='word_1_227' title='bbox 1353 836 1388 863; x_wconf 82' lang='lat'><strong>(¹)</strong></span> <span class='ocrx_word' id='word_1_228' title='bbox 1438 845 1515 869; x_wconf 87' lang='lat' dir='ltr'><strong>nam</strong></span> 
     </span>
     <span class='ocr_line' id='line_1_59' title="bbox 312 893 1516 947; baseline -0.007 -11"><span class='ocrx_word' id='word_1_229' title='bbox 312 912 345 936; x_wconf 91' lang='lat' dir='ltr'><strong>et</strong></span> <span class='ocrx_word' id='word_1_230' title='bbox 368 903 423 947; x_wconf 92' lang='lat' dir='ltr'><strong>qui</strong></span> <span class='ocrx_word' id='word_1_231' title='bbox 443 901 705 935; x_wconf 85' lang='lat' dir='ltr'><strong>scandalizaverit</strong></span> <span class='ocrx_word' id='word_1_232' title='bbox 729 911 833 934; x_wconf 91' lang='lat' dir='ltr'><strong>unum</strong></span> <span class='ocrx_word' id='word_1_233' title='bbox 852 899 891 932; x_wconf 92' lang='lat' dir='ltr'><strong>de</strong></span> <span class='ocrx_word' id='word_1_234' title='bbox 912 897 1033 943; x_wconf 86' lang='lat' dir='ltr'><strong>pusillis</strong></span> <span class='ocrx_word' id='word_1_235' title='bbox 1057 898 1136 938; x_wconf 88' lang='lat' dir='ltr'><strong>istis,</strong></span> <span class='ocrx_word' id='word_1_236' title='bbox 1159 897 1215 941; x_wconf 86' lang='lat' dir='ltr'><strong>qui</strong></span> <span class='ocrx_word' id='word_1_237' title='bbox 1238 896 1271 930; x_wconf 91' lang='lat' dir='ltr'><strong>in</strong></span> <span class='ocrx_word' id='word_1_238' title='bbox 1296 907 1350 929; x_wconf 91' lang='lat' dir='ltr'><strong>me</strong></span> <span class='ocrx_word' id='word_1_239' title='bbox 1369 893 1516 935; x_wconf 87' lang='lat' dir='ltr'><strong>credunt,</strong></span> 
     </span>
     <span class='ocr_line' id='line_1_60' title="bbox 313 952 1517 1006; baseline -0.007 -11"><span class='ocrx_word' id='word_1_240' title='bbox 313 961 416 1006; x_wconf 90' lang='lat' dir='ltr'><strong>inquit</strong></span> <span class='ocrx_word' id='word_1_241' title='bbox 438 961 469 995; x_wconf 93' lang='lat' dir='ltr'>V</span> <span class='ocrx_word' id='word_1_242' title='bbox 483 972 524 994; x_wconf 90' lang='lat' dir='ltr'><strong>er</strong></span> <span class='ocrx_word' id='word_1_243' title='bbox 535 961 565 994; x_wconf 91' lang='lat' dir='ltr'><strong>it</strong></span> <span class='ocrx_word' id='word_1_244' title='bbox 577 972 594 993; x_wconf 86' lang='lat' dir='ltr'><strong>a</strong></span> <span class='ocrx_word' id='word_1_245' title='bbox 604 971 619 992; x_wconf 92' lang='lat' dir='ltr'><strong>s</strong></span> <span class='ocrx_word' id='word_1_246' title='bbox 631 987 640 1001; x_wconf 88' lang='lat'>,</span> <span class='ocrx_word' id='word_1_247' title='bbox 657 958 787 1004; x_wconf 86' lang='lat' dir='ltr'><strong>expedit</strong></span> <span class='ocrx_word' id='word_1_248' title='bbox 802 959 830 992; x_wconf 91' lang='lat' dir='ltr'><strong>ei</strong></span> <span class='ocrx_word' id='word_1_249' title='bbox 847 967 881 992; x_wconf 91' lang='lat' dir='ltr'><strong>ut</strong></span> <span class='ocrx_word' id='word_1_250' title='bbox 901 956 1115 1002; x_wconf 81' lang='lat' dir='ltr'><strong>suspendatur</strong></span> <span class='ocrx_word' id='word_1_251' title='bbox 1127 956 1215 989; x_wconf 86' lang='lat' dir='ltr'><strong>mola</strong></span> <span class='ocrx_word' id='word_1_252' title='bbox 1228 954 1364 988; x_wconf 88' lang='lat' dir='ltr'><strong>asinaria</strong></span> <span class='ocrx_word' id='word_1_253' title='bbox 1382 954 1414 987; x_wconf 93' lang='lat' dir='ltr'><strong>in</strong></span> <span class='ocrx_word' id='word_1_254' title='bbox 1431 952 1517 987; x_wconf 94' lang='lat' dir='ltr'><strong>collo</strong></span> 
     </span>
     <span class='ocr_line' id='line_1_61' title="bbox 1189 1011 1517 1053; baseline -0.009 -6"><span class='ocrx_word' id='word_1_255' title='bbox 1189 1012 1282 1047; x_wconf 87' lang='lat' dir='ltr'><strong>crede</strong></span> <span class='ocrx_word' id='word_1_256' title='bbox 1306 1011 1417 1053; x_wconf 89' lang='lat' dir='ltr'><strong>michi,</strong></span> <span class='ocrx_word' id='word_1_257' title='bbox 1439 1011 1517 1045; x_wconf 92' lang='lat' dir='ltr'><strong>dile-</strong></span> 
     </span>
     <span class='ocr_line' id='line_1_62' title="bbox 315 1072 1519 1121; baseline -0.007 -9"><span class='ocrx_word' id='word_1_258' title='bbox 315 1079 455 1112; x_wconf 90' lang='lat' dir='ltr'><strong>ctissime</strong></span> <span class='ocrx_word' id='word_1_259' title='bbox 487 1077 639 1121; x_wconf 86' lang='lat' dir='ltr'><strong>Raphael‚</strong></span> <span class='ocrx_word' id='word_1_260' title='bbox 664 1076 835 1110; x_wconf 88' lang='lat' dir='ltr'><strong>districtius</strong></span> <span class='ocrx_word' id='word_1_261' title='bbox 870 1084 919 1109; x_wconf 89' lang='lat' dir='ltr'><strong>est</strong></span> <span class='ocrx_word' id='word_1_262' title='bbox 945 1073 1022 1108; x_wconf 91' lang='lat' dir='ltr'><strong>illud</strong></span> <span class='ocrx_word' id='word_1_263' title='bbox 1052 1072 1207 1107; x_wconf 89' lang='lat' dir='ltr'><strong>iudicium</strong></span> <span class='ocrx_word' id='word_1_264' title='bbox 1231 1082 1330 1116; x_wconf 91' lang='lat' dir='ltr'><strong>quam</strong></span> <span class='ocrx_word' id='word_1_265' title='bbox 1353 1079 1519 1116; x_wconf 89' lang='lat' dir='ltr'><strong>putemus,</strong></span> 
     </span>
     <span class='ocr_line' id='line_1_63' title="bbox 314 1129 1518 1182; baseline -0.007 -11"><span class='ocrx_word' id='word_1_266' title='bbox 314 1138 347 1171; x_wconf 90' lang='lat' dir='ltr'><strong>in</strong></span> <span class='ocrx_word' id='word_1_267' title='bbox 371 1148 437 1182; x_wconf 90' lang='lat' dir='ltr'><strong>quo</strong></span> <span class='ocrx_word' id='word_1_268' title='bbox 461 1145 492 1170; x_wconf 90' lang='lat' dir='ltr'><strong>te</strong></span> <span class='ocrx_word' id='word_1_269' title='bbox 516 1148 583 1170; x_wconf 92' lang='lat' dir='ltr'><strong>non</strong></span> <span class='ocrx_word' id='word_1_270' title='bbox 602 1136 720 1180; x_wconf 91' lang='lat' dir='ltr'><strong>poteris</strong></span> <span class='ocrx_word' id='word_1_271' title='bbox 737 1133 909 1168; x_wconf 90' lang='lat' dir='ltr'><strong>mendacio</strong></span> <span class='ocrx_word' id='word_1_272' title='bbox 924 1143 1033 1178; x_wconf 88' lang='lat' dir='ltr'><strong>tegere</strong></span> <span class='ocrx_word' id='word_1_273' title='bbox 1049 1132 1101 1166; x_wconf 92' lang='lat' dir='ltr'><strong>vel</strong></span> <span class='ocrx_word' id='word_1_274' title='bbox 1114 1131 1255 1166; x_wconf 86' lang='lat' dir='ltr'><strong>veritatis</strong></span> <span class='ocrx_word' id='word_1_275' title='bbox 1277 1129 1396 1175; x_wconf 90' lang='lat' dir='ltr'><strong>aliquid</strong></span> <span class='ocrx_word' id='word_1_276' title='bbox 1419 1129 1518 1164; x_wconf 89' lang='lat' dir='ltr'><strong>dene·-</strong></span> 
     </span>
     <span class='ocr_line' id='line_1_64' title="bbox 315 1189 1520 1241; baseline -0.007 -12"><span class='ocrx_word' id='word_1_277' title='bbox 315 1207 400 1241; x_wconf 92' lang='lat' dir='ltr'><strong>gare.</strong></span> <span class='ocrx_word' id='word_1_278' title='bbox 434 1205 512 1228; x_wconf 91' lang='lat' dir='ltr'><strong>tunc</strong></span> <span class='ocrx_word' id='word_1_279' title='bbox 526 1194 708 1228; x_wconf 89' lang='lat' dir='ltr'><strong>videbimus</strong></span> <span class='ocrx_word' id='word_1_280' title='bbox 723 1205 763 1227; x_wconf 92' lang='lat' dir='ltr'><strong>an</strong></span> <span class='ocrx_word' id='word_1_281' title='bbox 776 1192 1077 1227; x_wconf 86' lang='lat' dir='ltr'><strong>excommunicatus</strong></span> <span class='ocrx_word' id='word_1_282' title='bbox 1092 1191 1173 1224; x_wconf 90' lang='lat' dir='ltr'><strong>iuste</strong></span> <span class='ocrx_word' id='word_1_283' title='bbox 1193 1189 1334 1224; x_wconf 84' lang='lat' dir='ltr'><strong>cuiusvis</strong></span> <span class='ocrx_word' id='word_1_284' title='bbox 1347 1197 1520 1233; x_wconf 85' lang='lat' dir='ltr'><strong>transgres-</strong></span> 
     </span>
     <span class='ocr_line' id='line_1_65' title="bbox 315 1246 1520 1296; baseline -0.007 -8"><span class='ocrx_word' id='word_1_285' title='bbox 315 1255 415 1288; x_wconf 90' lang='lat' dir='ltr'><strong>sionis</strong></span> <span class='ocrx_word' id='word_1_286' title='bbox 440 1253 573 1287; x_wconf 89' lang='lat' dir='ltr'><strong>crimine</strong></span> <span class='ocrx_word' id='word_1_287' title='bbox 596 1253 717 1286; x_wconf 87' lang='lat' dir='ltr'><strong>restitui</strong></span> <span class='ocrx_word' id='word_1_288' title='bbox 736 1253 836 1296; x_wconf 86' lang='lat' dir='ltr'><strong>possit</strong></span> <span class='ocrx_word' id='word_1_289' title='bbox 859 1251 898 1285; x_wconf 91' lang='lat' dir='ltr'><strong>ad</strong></span> <span class='ocrx_word' id='word_1_290' title='bbox 918 1261 1052 1296; x_wconf 86' lang='lat' dir='ltr'><strong>gregem</strong></span> <span class='ocrx_word' id='word_1_291' title='bbox 1071 1249 1226 1290; x_wconf 89' lang='lat' dir='ltr'><strong>fidelium,</strong></span> <span class='ocrx_word' id='word_1_292' title='bbox 1247 1249 1308 1282; x_wconf 91' lang='lat' dir='ltr'><strong>nisi</strong></span> <span class='ocrx_word' id='word_1_293' title='bbox 1327 1246 1470 1292; x_wconf 85' lang='lat' dir='ltr'><strong>peniteat</strong></span> <span class='ocrx_word' id='word_1_294' title='bbox 1487 1255 1520 1280; x_wconf 91' lang='lat' dir='ltr'><strong>et</strong></span> 
     </span>
     <span class='ocr_line' id='line_1_66' title="bbox 316 1306 1521 1358; baseline -0.007 -12"><span class='ocrx_word' id='word_1_295' title='bbox 316 1324 374 1358; x_wconf 89' lang='lat' dir='ltr'><strong>pro</strong></span> <span class='ocrx_word' id='word_1_296' title='bbox 399 1312 491 1357; x_wconf 87' lang='lat' dir='ltr'><strong>culpa</strong></span> <span class='ocrx_word' id='word_1_297' title='bbox 513 1311 700 1345; x_wconf 86' lang='lat' dir='ltr'><strong>satisfecerit</strong></span> <span class='ocrx_word' id='word_1_298' title='bbox 723 1322 778 1344; x_wconf 90' lang='lat' dir='ltr'><strong>cor</strong></span> <span class='ocrx_word' id='word_1_299' title='bbox 801 1310 976 1344; x_wconf 90' lang='lat' dir='ltr'><strong>contritum</strong></span> <span class='ocrx_word' id='word_1_300' title='bbox 1008 1318 1040 1343; x_wconf 92' lang='lat' dir='ltr'><strong>et</strong></span> <span class='ocrx_word' id='word_1_301' title='bbox 1064 1320 1104 1342; x_wconf 89' lang='lat' dir='ltr'><strong>an</strong></span> <span class='ocrx_word' id='word_1_302' title='bbox 1133 1307 1248 1341; x_wconf 87' lang='lat' dir='ltr'><strong>mereri</strong></span> <span class='ocrx_word' id='word_1_303' title='bbox 1273 1306 1436 1351; x_wconf 91' lang='lat' dir='ltr'><strong>possimus</strong></span> <span class='ocrx_word' id='word_1_304' title='bbox 1467 1317 1521 1339; x_wconf 83' lang='lat' dir='ltr'><strong>ve-</strong></span> 
     </span>
     <span class='ocr_line' id='line_1_67' title="bbox 317 1362 1520 1413; baseline -0.007 -9"><span class='ocrx_word' id='word_1_305' title='bbox 317 1372 415 1411; x_wconf 84' lang='lat' dir='ltr'><strong>niam,</strong></span> <span class='ocrx_word' id='word_1_306' title='bbox 433 1370 459 1403; x_wconf 90' lang='lat' dir='ltr'><strong>si</strong></span> <span class='ocrx_word' id='word_1_307' title='bbox 479 1369 707 1403; x_wconf 88' lang='lat' dir='ltr'><strong>nutriverimus</strong></span> <span class='ocrx_word' id='word_1_308' title='bbox 731 1380 860 1413; x_wconf 88' lang='lat' dir='ltr'><strong>semper</strong></span> <span class='ocrx_word' id='word_1_309' title='bbox 879 1367 1016 1412; x_wconf 92' lang='lat' dir='ltr'><strong>culpam,</strong></span> <span class='ocrx_word' id='word_1_310' title='bbox 1038 1365 1283 1410; x_wconf 89' lang='lat' dir='ltr'><strong>videbimusque</strong></span> <span class='ocrx_word' id='word_1_311' title='bbox 1300 1362 1447 1408; x_wconf 91' lang='lat' dir='ltr'><strong>nunquid</strong></span> <span class='ocrx_word' id='word_1_312' title='bbox 1464 1373 1520 1407; x_wconf 84' lang='lat' dir='ltr'><strong>ge·</strong></span> 
     </span>
     <span class='ocr_line' id='line_1_68' title="bbox 317 1421 1520 1472; baseline -0.006 -10"><span class='ocrx_word' id='word_1_313' title='bbox 317 1428 430 1463; x_wconf 90' lang='lat' dir='ltr'><strong>neralis</strong></span> <span class='ocrx_word' id='word_1_314' title='bbox 448 1428 510 1462; x_wconf 92' lang='lat' dir='ltr'><strong>Dei</strong></span> <span class='ocrx_word' id='word_1_315' title='bbox 534 1428 669 1461; x_wconf 89' lang='lat' dir='ltr'><strong>vicarius</strong></span> <span class='ocrx_word' id='word_1_316' title='bbox 689 1427 791 1472; x_wconf 83' lang='lat' dir='ltr'><strong>possit</strong></span> <span class='ocrx_word' id='word_1_317' title='bbox 809 1426 950 1471; x_wconf 88' lang='lat' dir='ltr'><strong>gratiose</strong></span> <span class='ocrx_word' id='word_1_318' title='bbox 969 1425 1129 1459; x_wconf 88' lang='lat' dir='ltr'><strong>dimittere</strong></span> <span class='ocrx_word' id='word_1_319' title='bbox 1144 1423 1233 1469; x_wconf 92' lang='lat' dir='ltr'><strong>quod</strong></span> <span class='ocrx_word' id='word_1_320' title='bbox 1252 1422 1431 1468; x_wconf 86' lang='lat' dir='ltr'><strong>specialiter</strong></span> <span class='ocrx_word' id='word_1_321' title='bbox 1446 1421 1520 1456; x_wconf 90' lang='lat' dir='ltr'><strong>Deo</strong></span> 
     </span>
     <span class='ocr_line' id='line_1_69' title="bbox 318 1479 1522 1527; baseline -0.007 -7"><span class='ocrx_word' id='word_1_322' title='bbox 318 1486 505 1520; x_wconf 89' lang='lat' dir='ltr'><strong>memineris</strong></span> <span class='ocrx_word' id='word_1_323' title='bbox 529 1495 560 1519; x_wconf 91' lang='lat' dir='ltr'><strong>et</strong></span> <span class='ocrx_word' id='word_1_324' title='bbox 584 1485 774 1519; x_wconf 90' lang='lat' dir='ltr'><strong>solemniter</strong></span> <span class='ocrx_word' id='word_1_325' title='bbox 795 1494 827 1518; x_wconf 92' lang='lat' dir='ltr'><strong>te</strong></span> <span class='ocrx_word' id='word_1_326' title='bbox 850 1484 990 1518; x_wconf 86' lang='lat' dir='ltr'><strong>vovisse.</strong></span> <span class='ocrx_word' id='word_1_327' title='bbox 1039 1482 1132 1516; x_wconf 89' lang='lat' dir='ltr'><strong>valde</strong></span> <span class='ocrx_word' id='word_1_328' title='bbox 1155 1481 1288 1527; x_wconf 90' lang='lat' dir='ltr'><strong>quidem</strong></span> <span class='ocrx_word' id='word_1_329' title='bbox 1307 1479 1522 1514; x_wconf 85' lang='lat' dir='ltr'><strong>dubitandum</strong></span> 
     </span>
     <span class='ocr_line' id='line_1_70' title="bbox 319 1537 1521 1588; baseline -0.007 -9"><span class='ocrx_word' id='word_1_330' title='bbox 319 1555 367 1579; x_wconf 89' lang='lat' dir='ltr'><strong>est</strong></span> <span class='ocrx_word' id='word_1_331' title='bbox 397 1557 439 1579; x_wconf 89' lang='lat' dir='ltr'><strong>ne</strong></span> <span class='ocrx_word' id='word_1_332' title='bbox 470 1545 567 1578; x_wconf 88' lang='lat' dir='ltr'><strong>clavis</strong></span> <span class='ocrx_word' id='word_1_333' title='bbox 592 1553 684 1586; x_wconf 87' lang='lat' dir='ltr'><strong>erret,</strong></span> <span class='ocrx_word' id='word_1_334' title='bbox 707 1556 770 1588; x_wconf 91' lang='lat' dir='ltr'><strong>que</strong></span> <span class='ocrx_word' id='word_1_335' title='bbox 797 1545 895 1578; x_wconf 90' lang='lat' dir='ltr'><strong>servit</strong></span> <span class='ocrx_word' id='word_1_336' title='bbox 922 1543 1031 1587; x_wconf 88' lang='lat' dir='ltr'><strong>gratie,</strong></span> <span class='ocrx_word' id='word_1_337' title='bbox 1055 1553 1123 1575; x_wconf 92' lang='lat' dir='ltr'><strong>non</strong></span> <span class='ocrx_word' id='word_1_338' title='bbox 1153 1540 1262 1585; x_wconf 89' lang='lat' dir='ltr'><strong>rigori,</strong></span> <span class='ocrx_word' id='word_1_339' title='bbox 1296 1551 1412 1584; x_wconf 87' lang='lat' dir='ltr'><strong>queve,</strong></span> <span class='ocrx_word' id='word_1_340' title='bbox 1443 1537 1521 1572; x_wconf 88' lang='lat' dir='ltr'><strong>dum</strong></span> 
     </span>
     <span class='ocr_line' id='line_1_71' title="bbox 320 1597 1524 1647; baseline -0.007 -10"><span class='ocrx_word' id='word_1_341' title='bbox 320 1603 453 1637; x_wconf 88' lang='lat' dir='ltr'><strong>remittit</strong></span> <span class='ocrx_word' id='word_1_342' title='bbox 477 1602 610 1637; x_wconf 86' lang='lat' dir='ltr'><strong>audiens</strong></span> <span class='ocrx_word' id='word_1_343' title='bbox 635 1603 774 1647; x_wconf 86' lang='lat' dir='ltr'><strong>culpam,</strong></span> <span class='ocrx_word' id='word_1_344' title='bbox 794 1614 861 1636; x_wconf 93' lang='lat' dir='ltr'><strong>non</strong></span> <span class='ocrx_word' id='word_1_345' title='bbox 886 1602 1050 1635; x_wconf 87' lang='lat' dir='ltr'><strong>examinat</strong></span> <span class='ocrx_word' id='word_1_346' title='bbox 1071 1599 1208 1645; x_wconf 90' lang='lat' dir='ltr'><strong>petentis</strong></span> <span class='ocrx_word' id='word_1_347' title='bbox 1227 1597 1474 1638; x_wconf 85' lang='lat' dir='ltr'><strong>conscientiam;</strong></span> <span class='ocrx_word' id='word_1_348' title='bbox 1490 1605 1524 1630; x_wconf 85' lang='lat' dir='ltr'><strong>et</strong></span> 
     </span>
     <span class='ocr_line' id='line_1_72' title="bbox 320 1654 1523 1706; baseline -0.007 -11"><span class='ocrx_word' id='word_1_349' title='bbox 320 1662 427 1706; x_wconf 92' lang='lat' dir='ltr'><strong>posito</strong></span> <span class='ocrx_word' id='word_1_350' title='bbox 446 1661 534 1706; x_wconf 91' lang='lat' dir='ltr'><strong>quod</strong></span> <span class='ocrx_word' id='word_1_351' title='bbox 559 1661 656 1695; x_wconf 91' lang='lat' dir='ltr'><strong>clavis</strong></span> <span class='ocrx_word' id='word_1_352' title='bbox 680 1673 747 1694; x_wconf 90' lang='lat' dir='ltr'><strong>non</strong></span> <span class='ocrx_word' id='word_1_353' title='bbox 771 1670 863 1700; x_wconf 90' lang='lat' dir='ltr'><strong>erret,</strong></span> <span class='ocrx_word' id='word_1_354' title='bbox 889 1671 929 1693; x_wconf 90' lang='lat' dir='ltr'><strong>an</strong></span> <span class='ocrx_word' id='word_1_355' title='bbox 946 1659 1146 1703; x_wconf 87' lang='lat' dir='ltr'><strong>indulgentia</strong></span> <span class='ocrx_word' id='word_1_356' title='bbox 1163 1657 1319 1702; x_wconf 88' lang='lat' dir='ltr'><strong>recipiens</strong></span> <span class='ocrx_word' id='word_1_357' title='bbox 1342 1654 1523 1698; x_wconf 74' lang='lat' dir='ltr'><strong>satisfaciat,</strong></span> 
     </span>
     <span class='ocr_line' id='line_1_73' title="bbox 321 1715 1524 1764; baseline -0.007 -10"><span class='ocrx_word' id='word_1_358' title='bbox 321 1721 403 1754; x_wconf 90' lang='lat' dir='ltr'><strong>sicut</strong></span> <span class='ocrx_word' id='word_1_359' title='bbox 428 1720 529 1754; x_wconf 92' lang='lat' dir='ltr'><strong>decet.</strong></span> <span class='ocrx_word' id='word_1_360' title='bbox 576 1719 762 1764; x_wconf 89' lang='lat' dir='ltr'><strong>promittitis</strong></span> <span class='ocrx_word' id='word_1_361' title='bbox 785 1719 891 1763; x_wconf 91' lang='lat' dir='ltr'><strong>primo</strong></span> <span class='ocrx_word' id='word_1_362' title='bbox 914 1717 1014 1751; x_wconf 90' lang='lat' dir='ltr'><strong>verbo</strong></span> <span class='ocrx_word' id='word_1_363' title='bbox 1030 1715 1236 1762; x_wconf 85' lang='lat' dir='ltr'><strong>professionis</strong></span> <span class='ocrx_word' id='word_1_364' title='bbox 1251 1724 1356 1748; x_wconf 89' lang='lat' dir='ltr'><strong>vestre</strong></span> <span class='ocrx_word' id='word_1_365' title='bbox 1373 1722 1524 1748; x_wconf 86' lang='lat' dir='ltr'><strong>constan-</strong></span> 
     </span>
     <span class='ocr_line' id='line_1_74' title="bbox 322 1772 1521 1823; baseline -0.007 -11"><span class='ocrx_word' id='word_1_366' title='bbox 322 1779 411 1818; x_wconf 88' lang='lat' dir='ltr'><strong>tiam,</strong></span> <span class='ocrx_word' id='word_1_367' title='bbox 435 1789 532 1823; x_wconf 85' lang='lat' dir='ltr'><strong>quarn</strong></span> <span class='ocrx_word' id='word_1_368' title='bbox 558 1778 668 1812; x_wconf 89' lang='lat' dir='ltr'><strong>nescio</strong></span> <span class='ocrx_word' id='word_1_369' title='bbox 692 1778 718 1811; x_wconf 91' lang='lat' dir='ltr'><strong>si</strong></span> <span class='ocrx_word' id='word_1_370' title='bbox 742 1777 804 1811; x_wconf 91' lang='lat' dir='ltr'><strong>dici</strong></span> <span class='ocrx_word' id='word_1_371' title='bbox 828 1785 944 1821; x_wconf 85' lang='lat' dir='ltr'><strong>potest,</strong></span> <span class='ocrx_word' id='word_1_372' title='bbox 961 1787 1036 1810; x_wconf 88' lang='lat' dir='ltr'><strong>cum</strong></span> <span class='ocrx_word' id='word_1_373' title='bbox 1052 1775 1225 1809; x_wconf 86' lang='lat' dir='ltr'><strong>claustrum</strong></span> <span class='ocrx_word' id='word_1_374' title='bbox 1244 1772 1432 1818; x_wconf 89' lang='lat' dir='ltr'><strong>relinquitis,</strong></span> <span class='ocrx_word' id='word_1_375' title='bbox 1446 1781 1521 1805; x_wconf 87' lang='lat' dir='ltr'><strong>cum</strong></span> 
     </span>
     <span class='ocr_line' id='line_1_75' title="bbox 322 1832 1525 1882; baseline -0.006 -12"><span class='ocrx_word' id='word_1_376' title='bbox 322 1837 431 1882; x_wconf 84' lang='lat' dir='ltr'><strong>prelati</strong></span> <span class='ocrx_word' id='word_1_377' title='bbox 455 1836 591 1871; x_wconf 88' lang='lat' dir='ltr'><strong>iussibus</strong></span> <span class='ocrx_word' id='word_1_378' title='bbox 609 1846 641 1870; x_wconf 91' lang='lat' dir='ltr'><strong>et</strong></span> <span class='ocrx_word' id='word_1_379' title='bbox 663 1836 784 1871; x_wconf 91' lang='lat' dir='ltr'><strong>ordinis</strong></span> <span class='ocrx_word' id='word_1_380' title='bbox 803 1834 1058 1870; x_wconf 88' lang='lat' dir='ltr'><strong>institutionibus</strong></span> <span class='ocrx_word' id='word_1_381' title='bbox 1074 1845 1142 1868; x_wconf 92' lang='lat' dir='ltr'><strong>non</strong></span> <span class='ocrx_word' id='word_1_382' title='bbox 1165 1833 1293 1878; x_wconf 83' lang='lat' dir='ltr'><strong>paretiS,</strong></span> <span class='ocrx_word' id='word_1_383' title='bbox 1311 1832 1378 1865; x_wconf 89' lang='lat' dir='ltr'><strong>imo</strong></span> <span class='ocrx_word' id='word_1_384' title='bbox 1399 1838 1525 1864; x_wconf 84' lang='lat' dir='ltr'><strong>contra·</strong></span> 
     </span>
     <span class='ocr_line' id='line_1_76' title="bbox 322 1889 1526 1940; baseline -0.006 -11"><span class='ocrx_word' id='word_1_385' title='bbox 322 1895 434 1937; x_wconf 89' lang='lat' dir='ltr'><strong>facitis,</strong></span> <span class='ocrx_word' id='word_1_386' title='bbox 457 1907 514 1929; x_wconf 92' lang='lat' dir='ltr'><strong>vos</strong></span> <span class='ocrx_word' id='word_1_387' title='bbox 537 1907 674 1930; x_wconf 84' lang='lat' dir='ltr'><strong>servare.</strong></span> <span class='ocrx_word' id='word_1_388' title='bbox 721 1896 775 1940; x_wconf 90' lang='lat' dir='ltr'><strong>qui</strong></span> <span class='ocrx_word' id='word_1_389' title='bbox 794 1895 954 1940; x_wconf 90' lang='lat' dir='ltr'><strong>promittit</strong></span> <span class='ocrx_word' id='word_1_390' title='bbox 974 1894 1063 1928; x_wconf 88' lang='lat' dir='ltr'><strong>enim</strong></span> <span class='ocrx_word' id='word_1_391' title='bbox 1083 1892 1303 1927; x_wconf 88' lang='lat' dir='ltr'><strong>obedientiam</strong></span> <span class='ocrx_word' id='word_1_392' title='bbox 1322 1889 1399 1936; x_wconf 90' lang='lat' dir='ltr'><strong>quid</strong></span> <span class='ocrx_word' id='word_1_393' title='bbox 1417 1897 1526 1934; x_wconf 88' lang='lat' dir='ltr'><strong>potest</strong></span> 
     </span>
     <span class='ocr_line' id='line_1_77' title="bbox 323 1950 1526 1999; baseline -0.007 -10"><span class='ocrx_word' id='word_1_394' title='bbox 323 1955 506 1999; x_wconf 90' lang='lat' dir='ltr'><strong>incorrupte</strong></span> <span class='ocrx_word' id='word_1_395' title='bbox 530 1955 612 1988; x_wconf 90' lang='lat' dir='ltr'><strong>velle</strong></span> <span class='ocrx_word' id='word_1_396' title='bbox 637 1954 690 1988; x_wconf 91' lang='lat' dir='ltr'><strong>vel</strong></span> <span class='ocrx_word' id='word_1_397' title='bbox 712 1964 832 1995; x_wconf 90' lang='lat' dir='ltr'><strong>sancte,</strong></span> <span class='ocrx_word' id='word_1_398' title='bbox 862 1954 922 1988; x_wconf 89' lang='lat' dir='ltr'><strong>nisi</strong></span> <span class='ocrx_word' id='word_1_399' title='bbox 946 1953 1034 1999; x_wconf 91' lang='lat' dir='ltr'><strong>quod</strong></span> <span class='ocrx_word' id='word_1_400' title='bbox 1058 1962 1090 1987; x_wconf 87' lang='lat' dir='ltr'><strong>et</strong></span> <span class='ocrx_word' id='word_1_401' title='bbox 1113 1953 1181 1986; x_wconf 92' lang='lat' dir='ltr'><strong>iure</strong></span> <span class='ocrx_word' id='word_1_402' title='bbox 1205 1950 1399 1996; x_wconf 85' lang='lat' dir='ltr'><strong>permittitur</strong></span> <span class='ocrx_word' id='word_1_403' title='bbox 1421 1958 1454 1982; x_wconf 92' lang='lat' dir='ltr'><strong>et</strong></span> <span class='ocrx_word' id='word_1_404' title='bbox 1475 1958 1526 1982; x_wconf 86' lang='lat' dir='ltr'><strong>re·</strong></span> 
     </span>
     <span class='ocr_line' id='line_1_78' title="bbox 323 2005 1524 2058; baseline -0.007 -11"><span class='ocrx_word' id='word_1_405' title='bbox 323 2013 454 2058; x_wconf 90' lang='lat' dir='ltr'><strong>ligionis</strong></span> <span class='ocrx_word' id='word_1_406' title='bbox 474 2013 621 2047; x_wconf 90' lang='lat' dir='ltr'><strong>instituto</strong></span> <span class='ocrx_word' id='word_1_407' title='bbox 641 2013 693 2047; x_wconf 89' lang='lat' dir='ltr'><strong>vel</strong></span> <span class='ocrx_word' id='word_1_408' title='bbox 708 2013 819 2057; x_wconf 91' lang='lat' dir='ltr'><strong>prelati</strong></span> <span class='ocrx_word' id='word_1_409' title='bbox 837 2022 922 2046; x_wconf 91' lang='lat' dir='ltr'><strong>recte</strong></span> <span class='ocrx_word' id='word_1_410' title='bbox 939 2012 1105 2046; x_wconf 88' lang='lat' dir='ltr'><strong>sentientis</strong></span> <span class='ocrx_word' id='word_1_411' title='bbox 1120 2010 1257 2055; x_wconf 88' lang='lat' dir='ltr'><strong>imperio</strong></span> <span class='ocrx_word' id='word_1_412' title='bbox 1273 2005 1524 2053; x_wconf 83' lang='lat' dir='ltr'><strong>comprobetur?</strong></span> 
     </span>
     <span class='ocr_line' id='line_1_79' title="bbox 325 2065 1526 2116; baseline -0.006 -11"><span class='ocrx_word' id='word_1_413' title='bbox 325 2083 483 2116; x_wconf 88' lang='lat' dir='ltr'><strong>magnum</strong></span> <span class='ocrx_word' id='word_1_414' title='bbox 507 2081 555 2106; x_wconf 92' lang='lat' dir='ltr'><strong>est</strong></span> <span class='ocrx_word' id='word_1_415' title='bbox 573 2072 626 2105; x_wconf 92' lang='lat' dir='ltr'><strong>hic</strong></span> <span class='ocrx_word' id='word_1_416' title='bbox 649 2083 756 2106; x_wconf 89' lang='lat' dir='ltr'><strong>rerum</strong></span> <span class='ocrx_word' id='word_1_417' title='bbox 779 2071 987 2106; x_wconf 85' lang='lat' dir='ltr'><strong>involucrum</strong></span> <span class='ocrx_word' id='word_1_418' title='bbox 1011 2070 1314 2112; x_wconf 85' lang='lat' dir='ltr'><strong>dubitationumque</strong></span> <span class='ocrx_word' id='word_1_419' title='bbox 1346 2065 1526 2105; x_wconf 82' lang='lat' dir='ltr'><strong>conflictus,</strong></span> 
     </span>
    </p>
   </div>
   <div class='ocr_carea' id='block_1_11' title="bbox 314 1014 1132 1063">
    <p class='ocr_par' dir='ltr' id='par_1_12' title="bbox 314 1014 1132 1063">
     <span class='ocr_line' id='line_1_80' title="bbox 314 1014 1132 1063; baseline -0.006 -10"><span class='ocrx_word' id='word_1_420' title='bbox 314 1021 382 1053; x_wconf 87' lang='lat' dir='ltr'><strong>eius</strong></span> <span class='ocrx_word' id='word_1_421' title='bbox 402 1028 433 1053; x_wconf 92' lang='lat' dir='ltr'><strong>et</strong></span> <span class='ocrx_word' id='word_1_422' title='bbox 457 1019 662 1063; x_wconf 89' lang='lat' dir='ltr'><strong>demergatur</strong></span> <span class='ocrx_word' id='word_1_423' title='bbox 691 1018 724 1051; x_wconf 94' lang='lat' dir='ltr'><strong>in</strong></span> <span class='ocrx_word' id='word_1_424' title='bbox 748 1016 946 1062; x_wconf 89' lang='lat' dir='ltr'><strong>profundum</strong></span> <span class='ocrx_word' id='word_1_425' title='bbox 978 1015 1075 1049; x_wconf 90' lang='lat' dir='ltr'><strong>maris</strong></span> <span class='ocrx_word' id='word_1_426' title='bbox 1087 1014 1132 1048; x_wconf 83' lang='lat'>(²).</span> 
     </span>
    </p>
   </div>
   <div class='ocr_carea' id='block_1_12' title="bbox 324 2174 1529 2367">
    <p class='ocr_par' dir='ltr' id='par_1_13' title="bbox 324 2174 1529 2367">
     <span class='ocr_line' id='line_1_81' title="bbox 380 2174 864 2204; baseline 0.002 -7"><span class='ocrx_word' id='word_1_427' title='bbox 380 2182 399 2197; x_wconf 85' lang='lat'><strong>1.</strong></span> <span class='ocrx_word' id='word_1_428' title='bbox 415 2174 489 2198; x_wconf 83' lang='lat' dir='ltr'><em>M²G¹</em></span> <span class='ocrx_word' id='word_1_429' title='bbox 506 2175 583 2204; x_wconf 85' lang='lat' dir='ltr'><strong>populi</strong></span> <span class='ocrx_word' id='word_1_430' title='bbox 637 2183 662 2203; x_wconf 88' lang='lat'><strong>4.</strong></span> <span class='ocrx_word' id='word_1_431' title='bbox 677 2174 708 2198; x_wconf 82' lang='lat'><strong>6¹</strong></span> <span class='ocrx_word' id='word_1_432' title='bbox 717 2175 792 2198; x_wconf 83' lang='lat' dir='ltr'><em>LM-C</em></span> <span class='ocrx_word' id='word_1_433' title='bbox 805 2175 864 2198; x_wconf 75' lang='lat' dir='ltr'><strong>clare</strong></span> 
     </span>
     <span class='ocr_line' id='line_1_82' title="bbox 324 2210 1527 2245; baseline -0.005 -8"><span class='ocrx_word' id='word_1_434' title='bbox 324 2222 394 2244; x_wconf 83' lang='lat' dir='ltr'><strong>merg.</strong></span> <span class='ocrx_word' id='word_1_435' title='bbox 452 2223 490 2244; x_wconf 78' lang='lat'><strong>¹4-</strong></span> <span class='ocrx_word' id='word_1_436' title='bbox 506 2215 542 2238; x_wconf 75' lang='grc' dir='ltr'><strong>Μ2</strong></span> <span class='ocrx_word' id='word_1_437' title='bbox 557 2215 627 2245; x_wconf 80' lang='lat' dir='ltr'><strong>aliqui</strong></span> <span class='ocrx_word' id='word_1_438' title='bbox 684 2216 716 2238; x_wconf 83' lang='lat'><strong>16.</strong></span> <span class='ocrx_word' id='word_1_439' title='bbox 732 2216 797 2245; x_wconf 83' lang='lat' dir='ltr'><strong>Dopo</strong></span> <span class='ocrx_word' id='word_1_440' title='bbox 810 2222 873 2245; x_wconf 78' lang='lat' dir='ltr'><strong>greg.</strong></span> <span class='ocrx_word' id='word_1_441' title='bbox 887 2215 906 2237; x_wconf 78' lang='lat' dir='ltr'><strong><em>A</em></strong></span> <span class='ocrx_word' id='word_1_442' title='bbox 920 2215 951 2237; x_wconf 64' lang='lat' dir='ltr'><strong>da</strong></span> <span class='ocrx_word' id='word_1_443' title='bbox 967 2215 1001 2237; x_wconf 82' lang='lat' dir='ltr'><strong>fre</strong></span> <span class='ocrx_word' id='word_1_444' title='bbox 1015 2215 1155 2237; x_wconf 74' lang='lat' dir='ltr'><strong>cancellato.</strong></span> <span class='ocrx_word' id='word_1_445' title='bbox 1221 2219 1256 2242; x_wconf 90' lang='lat'><strong>¹7·</strong></span> <span class='ocrx_word' id='word_1_446' title='bbox 1270 2211 1308 2234; x_wconf 72' lang='grc' dir='ltr'><strong>Μ’</strong></span> <span class='ocrx_word' id='word_1_447' title='bbox 1321 2210 1354 2234; x_wconf 68' lang='grc' dir='ltr'><strong>ὀᾶ</strong></span> <span class='ocrx_word' id='word_1_448' title='bbox 1367 2214 1391 2233; x_wconf 80' lang='lat' dir='ltr'><strong>et</strong></span> <span class='ocrx_word' id='word_1_449' title='bbox 1403 2210 1527 2240; x_wconf 64' lang='lat' dir='ltr'><strong>aegium</strong></span> 
     </span>
     <span class='ocr_line' id='line_1_83' title="bbox 325 2250 1527 2284; baseline -0.006 -5"><span class='ocrx_word' id='word_1_450' title='bbox 325 2258 349 2279; x_wconf 84' lang='lat' dir='ltr'><strong>in</strong></span> <span class='ocrx_word' id='word_1_451' title='bbox 364 2257 498 2280; x_wconf 76' lang='lat' dir='ltr'><strong>interlinea.</strong></span> <span class='ocrx_word' id='word_1_452' title='bbox 554 2263 591 2279; x_wconf 78' lang='lat' dir='ltr'><strong>ao.</strong></span> <span class='ocrx_word' id='word_1_453' title='bbox 605 2256 624 2279; x_wconf 86' lang='grc' dir='ltr'><strong><em>Α</em></strong></span> <span class='ocrx_word' id='word_1_454' title='bbox 639 2256 746 2284; x_wconf 77' lang='lat' dir='ltr'><strong>novisse;</strong></span> <span class='ocrx_word' id='word_1_455' title='bbox 760 2262 799 2278; x_wconf 83' lang='lat' dir='ltr'><strong>ma</strong></span> <span class='ocrx_word' id='word_1_456' title='bbox 813 2257 824 2278; x_wconf 84' lang='grc' dir='ltr'><strong>ι’</strong></span> <span class='ocrx_word' id='word_1_457' title='bbox 836 2256 881 2279; x_wconf 84' lang='lat' dir='ltr'><strong>due</strong></span> <span class='ocrx_word' id='word_1_458' title='bbox 895 2263 918 2278; x_wconf 78' lang='lat' dir='ltr'><strong>sa</strong></span> <span class='ocrx_word' id='word_1_459' title='bbox 930 2262 989 2278; x_wconf 72' lang='lat' dir='ltr'><strong>:ono</strong></span> <span class='ocrx_word' id='word_1_460' title='bbox 1003 2255 1030 2277; x_wconf 77' lang='lat' dir='ltr'><strong>di</strong></span> <span class='ocrx_word' id='word_1_461' title='bbox 1042 2261 1113 2277; x_wconf 80' lang='lat' dir='ltr'><strong>mano</strong></span> <span class='ocrx_word' id='word_1_462' title='bbox 1126 2255 1165 2277; x_wconf 77' lang='lat' dir='ltr'><strong>del</strong></span> <span class='ocrx_word' id='word_1_463' title='bbox 1172 2255 1315 2280; x_wconf 56' lang='lat' dir='ltr'><strong>corr-eumq</strong></span> <span class='ocrx_word' id='word_1_464' title='bbox 1325 2252 1399 2281; x_wconf 72' lang='lat' dir='ltr'><strong>sone</strong></span> <span class='ocrx_word' id='word_1_465' title='bbox 1408 2251 1428 2273; x_wconf 85' lang='grc' dir='ltr'><strong>ιῚ</strong></span> <span class='ocrx_word' id='word_1_466' title='bbox 1435 2250 1527 2279; x_wconf 66' lang='lat' dir='ltr'><strong>coprem</strong></span> 
     </span>
     <span class='ocr_line' id='line_1_84' title="bbox 324 2290 1529 2326; baseline -0.004 -6"><span class='ocrx_word' id='word_1_467' title='bbox 324 2304 396 2320; x_wconf 76' lang='lat' dir='ltr'><strong>aveva</strong></span> <span class='ocrx_word' id='word_1_468' title='bbox 411 2298 495 2320; x_wconf 70' lang='lat' dir='ltr'><strong>scritto</strong></span> <span class='ocrx_word' id='word_1_469' title='bbox 509 2297 597 2320; x_wconf 83' lang='lat' dir='ltr'><strong>noviter</strong></span> <span class='ocrx_word' id='word_1_470' title='bbox 607 2298 643 2326; x_wconf 73' lang='lat' dir='ltr'><strong>(P)</strong></span> <span class='ocrx_word' id='word_1_471' title='bbox 698 2303 734 2326; x_wconf 78' lang='lat'><strong>23.</strong></span> <span class='ocrx_word' id='word_1_472' title='bbox 751 2296 788 2320; x_wconf 70' lang='lat' dir='ltr'><em>W</em></span> <span class='ocrx_word' id='word_1_473' title='bbox 804 2296 972 2326; x_wconf 74' lang='lat' dir='ltr'><strong>indulgenciam</strong></span> <span class='ocrx_word' id='word_1_474' title='bbox 1038 2302 1078 2324; x_wconf 73' lang='lat'><strong>²4.</strong></span> <span class='ocrx_word' id='word_1_475' title='bbox 1097 2296 1116 2317; x_wconf 86' lang='grc' dir='ltr'><em>Α</em></span> <span class='ocrx_word' id='word_1_476' title='bbox 1130 2294 1243 2324; x_wconf 78' lang='lat' dir='ltr'><strong>promittis</strong></span> <span class='ocrx_word' id='word_1_477' title='bbox 1311 2299 1350 2322; x_wconf 78' lang='lat'><strong>25.</strong></span> <span class='ocrx_word' id='word_1_478' title='bbox 1363 2291 1440 2315; x_wconf 77' lang='lat' dir='ltr'><strong>Lu-c:</strong></span> <span class='ocrx_word' id='word_1_479' title='bbox 1452 2290 1529 2320; x_wconf 78' lang='lat' dir='ltr'><strong>potuit</strong></span> 
     </span>
     <span class='ocr_line' id='line_1_85' title="bbox 325 2337 648 2367; baseline 0 -7"><span class='ocrx_word' id='word_1_480' title='bbox 325 2344 362 2367; x_wconf 84' lang='lat'><strong>27.</strong></span> <span class='ocrx_word' id='word_1_481' title='bbox 379 2337 411 2361; x_wconf 82' lang='lat' dir='ltr'><strong>G¹</strong></span> <span class='ocrx_word' id='word_1_482' title='bbox 418 2338 495 2361; x_wconf 64' lang='lat' dir='ltr'><strong>Lar-G</strong></span> <span class='ocrx_word' id='word_1_483' title='bbox 508 2338 648 2367; x_wconf 77' lang='lat' dir='ltr'><strong>promittitur</strong></span> 
     </span>
    </p>
   </div>
   <div class='ocr_carea' id='block_1_13' title="bbox 920 2167 1527 2204">
    <p class='ocr_par' dir='ltr' id='par_1_14' title="bbox 920 2167 1527 2204">
     <span class='ocr_line' id='line_1_86' title="bbox 920 2167 1527 2204; baseline -0.01 -7"><span class='ocrx_word' id='word_1_484' title='bbox 920 2182 943 2204; x_wconf 84' lang='lat'><strong>5.</strong></span> <span class='ocrx_word' id='word_1_485' title='bbox 958 2173 995 2196; x_wconf 63' lang='grc' dir='ltr'><strong>Μ’</strong></span> <span class='ocrx_word' id='word_1_486' title='bbox 1009 2173 1108 2203; x_wconf 77' lang='lat' dir='ltr'><strong>potenti·</strong></span> <span class='ocrx_word' id='word_1_487' title='bbox 1145 2173 1222 2196; x_wconf 70' lang='lat' dir='ltr'><strong>[An-C</strong></span> <span class='ocrx_word' id='word_1_488' title='bbox 1234 2170 1346 2195; x_wconf 75' lang='lat' dir='ltr'><strong>mendacii</strong></span> <span class='ocrx_word' id='word_1_489' title='bbox 1402 2176 1435 2193; x_wconf 81' lang='lat' dir='ltr'><strong>u.</strong></span> <span class='ocrx_word' id='word_1_490' title='bbox 1446 2167 1484 2192; x_wconf 69' lang='grc' dir='ltr'><strong>Μ’</strong></span> <span class='ocrx_word' id='word_1_491' title='bbox 1493 2169 1527 2192; x_wconf 81' lang='lat' dir='ltr'><strong>di-</strong></span> 
     </span>
    </p>
   </div>
   <div class='ocr_carea' id='block_1_14' title="bbox 360 2420 1378 2462">
    <p class='ocr_par' dir='ltr' id='par_1_15' title="bbox 360 2420 1378 2462">
     <span class='ocr_line' id='line_1_87' title="bbox 360 2420 1378 2462; baseline -0.006 -8"><span class='ocrx_word' id='word_1_492' title='bbox 360 2427 402 2462; x_wconf 90' lang='lat'><strong>(1)</strong></span> <span class='ocrx_word' id='word_1_493' title='bbox 423 2426 450 2455; x_wconf 92' lang='lat' dir='ltr'><strong>S.</strong></span> <span class='ocrx_word' id='word_1_494' title='bbox 470 2427 588 2455; x_wconf 64' lang='lat' dir='ltr'><strong>Mau-ru.</strong></span> <span class='ocrx_word' id='word_1_495' title='bbox 606 2426 708 2461; x_wconf 87' lang='lat' dir='ltr'>XVIII,</span> <span class='ocrx_word' id='word_1_496' title='bbox 727 2434 751 2462; x_wconf 94' lang='lat'><strong>7.</strong></span> <span class='ocrx_word' id='word_1_497' title='bbox 986 2425 1027 2460; x_wconf 88' lang='lat'><strong>(2)</strong></span> <span class='ocrx_word' id='word_1_498' title='bbox 1048 2424 1077 2452; x_wconf 91' lang='lat' dir='ltr'><strong>S.</strong></span> <span class='ocrx_word' id='word_1_499' title='bbox 1096 2424 1213 2451; x_wconf 65' lang='lat' dir='ltr'><strong>Mar-ra.</strong></span> <span class='ocrx_word' id='word_1_500' title='bbox 1232 2421 1335 2455; x_wconf 86' lang='lat' dir='ltr'><strong>xvm,</strong></span> <span class='ocrx_word' id='word_1_501' title='bbox 1354 2420 1378 2448; x_wconf 90' lang='lat'><strong>6.</strong></span> 
     </span>
    </p>
   </div>
   <div class='ocr_carea' id='block_1_15' title="bbox 1548 906 1588 930">
    <p class='ocr_par' dir='ltr' id='par_1_16' title="bbox 1548 906 1588 930">
     <span class='ocr_line' id='line_1_88' title="bbox 1548 906 1588 930; baseline 0.025 -1"><span class='ocrx_word' id='word_1_502' title='bbox 1548 906 1588 930; x_wconf 88' lang='lat'><strong>10</strong></span> 
     </span>
    </p>
   </div>
   <div class='ocr_carea' id='block_1_16' title="bbox 1553 1194 1587 1226">
    <p class='ocr_par' dir='ltr' id='par_1_17' title="bbox 1553 1194 1587 1226">
     <span class='ocr_line' id='line_1_89' title="bbox 1553 1194 1587 1226; baseline 0 0"><span class='ocrx_word' id='word_1_503' title='bbox 1553 1194 1587 1226; x_wconf 88' lang='lat'><strong>¹5</strong></span> 
     </span>
    </p>
   </div>
   <div class='ocr_carea' id='block_1_17' title="bbox 1550 1485 1592 1509">
    <p class='ocr_par' dir='ltr' id='par_1_18' title="bbox 1550 1485 1592 1509">
     <span class='ocr_line' id='line_1_90' title="bbox 1550 1485 1592 1509; baseline 0 0"><span class='ocrx_word' id='word_1_504' title='bbox 1550 1485 1592 1509; x_wconf 88' lang='lat'><strong>20</strong></span> 
     </span>
    </p>
   </div>
   <div class='ocr_carea' id='block_1_18' title="bbox 1553 1777 1594 1810">
    <p class='ocr_par' dir='ltr' id='par_1_19' title="bbox 1553 1777 1594 1810">
     <span class='ocr_line' id='line_1_91' title="bbox 1553 1777 1594 1810; baseline 0 0"><span class='ocrx_word' id='word_1_505' title='bbox 1553 1777 1594 1810; x_wconf 85' lang='lat'><strong>25</strong></span> 
     </span>
    </p>
   </div>
   <div class='ocr_carea' id='block_1_19' title="bbox 1555 2068 1597 2102">
    <p class='ocr_par' dir='ltr' id='par_1_20' title="bbox 1555 2068 1597 2102">
     <span class='ocr_line' id='line_1_92' title="bbox 1555 2068 1597 2102; baseline 0 -10"><span class='ocrx_word' id='word_1_506' title='bbox 1555 2068 1597 2102; x_wconf 83' lang='lat'><strong>30</strong></span> 
     </span>
    </p>
   </div>
  </div>
 </body>
</html>
