1682 2762
427 239 475 266 D1
503 239 768 268 COLUCCIO
802 239 1078 267 SALUTATI.
1285 233 1349 274 613

153 363 261 404 anxie,
285 374 384 408 quam
407 363 592 408 scrupulose
616 375 755 408 quamve
778 363 934 398 subtiliter
962 363 1182 409 copulationes
1209 364 1268 397 iste
1288 373 1358 396 ver—

157 421 271 456 borum
292 421 377 466 apud
398 432 544 456 auctores
563 422 705 467 optimos
723 421 966 467 ponderentur?
1012 432 1047 456 ut
1066 430 1099 455 et
1116 421 1173 455 tibi
1189 420 1359 455 nitendum

153 479 451 524 elaborandumque
473 481 526 521 sit,
549 491 623 514 cum
648 480 767 525 aliquid
798 481 969 525 scripseris,
994 492 1035 514 ne
1058 480 1162 524 possis
1193 479 1286 513 huius
1309 480 1358 512 in-

155 538 239 573 curie
256 538 308 572 vel
322 538 391 572 vitii
412 539 581 572 criminari.
628 539 706 583 quin
723 539 819 572 etiam
839 538 1073 573 animadvertas
1092 537 1202 579 velim,
1222 549 1264 572 ne
1284 549 1358 572 cum

107 609 124 642 5
154 607 285 632 sensum
301 597 454 631 orationis
474 597 694 641 compleveris,
711 597 827 642 aliquid
845 597 941 631 addas
954 596 1042 642 quod
1054 597 1160 641 potius
1180 606 1254 641 post
1271 596 1358 630 illam

155 655 275 689 iactum
294 665 364 688 esse
380 653 526 688 videatur
539 665 639 699 quam
651 653 692 687 ad
711 653 744 687 id
762 654 850 699 quod
868 654 1049 698 premiseris
1068 654 1236 699 pertinere.
1282 652 1359 698 quid

155 709 242 744 enim
266 717 316 742 est
337 707 462 742 dicere:
487 719 507 741 o
531 708 576 742 mi
600 708 780 748 francisce,
804 708 885 742 scito
910 708 1066 752 appetitus
1093 707 1243 741 omnium
1268 706 1359 751 quasi

157 765 242 800 mala
263 765 335 811 plus
358 776 456 811 quam
482 765 567 799 bona
594 765 675 799 velle
707 766 894 810 presertim!
941 776 1052 799 nonne
1075 773 1150 808 post
1172 764 1260 798 illam
1284 775 1361 798 ora-

156 824 280 859 tionem
304 825 484 869 proiectum
507 835 577 857 esse
600 823 725 858 videtur
748 823 937 858 adverbium
957 823 1019 857 hoc
1042 834 1140 868 pres
1153 824 1306 863 ertim;
1330 831 1361 856 et

150 893 199 917 .eo
217 883 372 924 maxime,
389 883 463 927 quia
478 883 546 916 sine
566 882 648 916 illius
668 882 809 916 adverbii
831 882 1051 916 additamento
1071 881 1192 916 nedum
1211 880 1360 926 perfecta,

157 940 214 975 sed
238 941 430 975 concinnior
452 950 518 975 erat
542 940 595 974 illa
618 940 800 974 sententia?

226 1000 381 1040 Demum,
406 1009 442 1033 ut
471 998 643 1044 aliquando
678 998 893 1040 concludam
917 1010 984 1032 non
1015 999 1104 1032 enim
1138 996 1274 1032 intendo
1304 997 1362 1031 tibi

157 1067 304 1104 precepta
339 1057 497 1092 rhetorice
530 1057 664 1098 tradere,
687 1057 744 1091 sed
770 1068 871 1102 pauca
906 1055 1137 1091 consideranda
1172 1056 1364 1101 generaliter

158 1116 331 1162 explicare3
348 1116 397 1151 fac
413 1128 515 1151 unum
535 1116 706 1162 diligenter
723 1115 894 1150 observes:
915 1115 1002 1160 quod
1017 1126 1144 1160 semper
1167 1115 1362 1149 adiectivum

158 1175 298 1221 preferas
309 1174 511 1209 substantivo
526 1175 575 1208 vel
588 1174 703 1208 saltem
714 1175 918 1208 continenter
930 1183 962 1207 et
973 1173 1160 1208 immediate
1174 1173 1362 1218 coniungas.

159 1245 237 1268 nam
251 1234 403 1278 quotiens
422 1233 601 1278 premiseris
620 1232 825 1273 adiectivum,
847 1243 922 1266 cum
941 1243 997 1276 per
1014 1243 1049 1266 se
1065 1241 1147 1266 stare
1165 1243 1232 1265 non
1253 1232 1364 1276 possit,

159 1292 261 1336 exigit
282 1291 462 1326 intellectus
482 1291 559 1325 illud
579 1291 630 1324 cui
649 1290 819 1335 copuletur
837 1299 868 1324 et
884 1290 991 1324 hereat
1010 1289 1259 1330 substantivum,
1275 1289 1365 1334 quod

159 1349 291 1396 quando
322 1350 502 1395 reppererit,
526 1349 581 1394 qui
604 1348 763 1394 pendulus
787 1358 860 1383 ante
885 1348 945 1383 fuit
966 1347 1076 1393 figitur
1101 1347 1280 1382 intellectus
1305 1348 1366 1381 mi-

160 1419 258 1454 raque
290 1408 448 1443 suavitate
477 1407 687 1452 perfunditur,
711 1408 737 1441 si
761 1417 848 1442 totus
876 1406 1014 1441 ambitus
1049 1406 1198 1441 adiectivi
1232 1405 1364 1440 subiecti

162 1467 374 1511 congruentia
397 1465 594 1500 sufficienter
615 1465 767 1510 impletur
785 1474 818 1499 et
837 1476 939 1499 unum
959 1464 1047 1499 alteri
1074 1475 1141 1498 non
1165 1465 1223 1498 rite
1246 1464 1364 1505 solum,

162 1523 219 1560 sed
242 1524 386 1570 apposite
411 1523 588 1569 copuletur.
634 1524 756 1558 etenim
781 1534 856 1557 cum
879 1523 955 1557 dicit
980 1522 1142 1557 Ovidius:

91 899 131 924 10

94 1190 129 1224 ¹5

91 1480 135 1505 20

414 1601 474 1628 Huc
494 1602 586 1629 alacer
604 1601 702 1628 missos
720 1601 815 1628 terruit
834 1600 936 1628 Hector
954 1608 1039 1637 equos
1052 1600 1096 1633 (ι),

163 1688 263 1723 quam
293 1676 456 1722 eleganter
489 1676 633 1721 premisit
666 1676 815 1722 egregius
838 1675 892 1710 ille
915 1685 1010 1721 poeta
1033 1675 1110 1716 duo,
1133 1675 1215 1709 sicut
1245 1674 1368 1720 aspicis,

165 1735 320 1770 adiectiva
353 1734 498 1769 alacer
529 1745 561 1769 et
591 1734 769 1775 missos,
798 1733 1032 1790 subiungendis
1058 1734 1092 1768 in
1122 1732 1187 1767 fine
1219 1733 1368 1767 carminis
1418 1734 1424 1753 ³
1461 1737 1520 1765 “m

165 1793 388 1829 substantivis!
434 1792 523 1838 quod
547 1793 574 1827 si
597 1792 650 1827 vel
672 1793 768 1827 unius
788 1792 936 1827 ordinem
955 1791 1218 1832 commutaveris,
1237 1803 1367 1826 sensum

166 1852 317 1887 hebetem
342 1851 438 1886 facies
461 1861 493 1886 et
515 1851 723 1896 splendorem
747 1862 883 1885 omnem
902 1851 992 1896 quasi
1016 1850 1129 1885 lumen
1152 1850 1292 1884 abiciens
1311 1849 1368 1883 ob-

168 1910 319 1946 scurabis.
366 1921 444 1945 nam
467 1910 494 1944 si
517 1909 650 1944 dixeris:

95 1811 135 1845 25

418 1986 479 2014 Huc
499 1985 603 2013 Hector
620 1986 720 2013 missos
736 1986 830 2013 terruit
850 1985 1054 2021 nlacer‘qquos,

167 2062 344 2109 plurimum
367 2062 551 2097 sonoritatis
585 2061 751 2097 abstuleris
781 2071 813 2096 et
840 2061 974 2096 decoris.
1023 2060 1084 2095 hec
1115 2061 1200 2094 satis.
1247 2059 1370 2094 etenim

100 2129 142 2164 30
169 2122 228 2157 ista
250 2121 307 2157 tibi
337 2121 436 2156 veluti
467 2120 607 2167 quedam
638 2121 742 2166 capita
772 2119 965 2166 speculanda
996 2120 1160 2164 proposui,
1188 2127 1223 2152 ut
1253 2116 1370 2162 aliquid

224 2234 247 2258 3.
263 2226 296 2250 N'
312 2227 429 2251 lnbonnd.

164 2266 204 2290 *2⁶-
219 2265 252 2290 Μ
269 2266 312 2290 fic.
327 2267 378 2291 heb.

524 2233 546 2256 5.
561 2225 594 2249 Μ
609 2226 710 2249 erutione
797 2225 828 2248 1⁶.
851 2223 883 2247 N¹
899 2224 979 2247 adicer.
995 2230 1065 2253 prem.

434 2267 472 2290 ²8.
484 2265 559 2289 LJMe
571 2272 624 2289 acer
679 2271 716 2295 ²9·
733 2265 769 2287 Me
783 2269 851 2293 etque

1144 2229 1182 2251 24.
1206 2221 1239 2245 Μ
1255 2221 1370 2245 ιάἰοειὶνίο

205 2366 250 2402 (ι)
269 2366 327 2395 Ον.
346 2367 452 2395 Heraia.
471 2367 493 2401 1,
513 2366 561 2402 36;
586 2366 613 2394 le
631 2366 747 2394 editioni
792 2365 896 2392 lenione
916 2365 985 2392 assai
1001 2364 1120 2391 diversa:

171 2409 304 2436 modeme
319 2417 422 2437 recano
440 2410 506 2446 pero
518 2414 616 2445 questo
627 2416 707 2436 verso
719 2409 747 2435 in
833 2415 871 2436 me
884 2415 939 2436 um
951 2414 1053 2436 udaium
1066 2414 1141 2435 mnu
1154 2413 1234 2435 unam
1245 2419 1319 2440 equo..

1413 430 1487 451 Dietro
1504 432 1522 451 tl
1535 431 1598 452 :hini

1386 457 1474 489 eptmpli
1488 458 1599 494 nuch'.egli

1387 485 1503 532 ἰὲτῗὶἓῗαέ
1521 491 1599 532 ’.ἷὲἕὲ

1386 538 1528 564 rimproverie
1537 543 1572 559 ten
1587 546 1599 559 ι

1386 570 1481 592 presente
1495 545 1599 586 simii:

1386 592 1490 639 iffiuiss
1505 591 1530 624 di.
1543 592 1600 612 chiu-

1444 625 1600 639 “concinnen-

1386 650 1408 666 ι,
1423 645 1439 665 ³1
1453 645 1548 673 patodo.

1416 1007 1553 1032 rimante,
1566 1013 1601 1034 per

1390 1035 1499 1056 taminare
1542 1038 1602 1054 uena

1391 1062 1451 1082 breve
1474 1041 1602 1088 “posticae

1391 1089 1411 1109 di
1430 1088 1515 1116 preterii
1535 1092 1599 1108 reno-

1390 1115 1435 1141 rid,
1456 1115 1473 1135 si
1494 1114 1602 1135 ammenti

1391 1142 1412 1162 di
1432 1141 1532 1169 prefigger
1550 1147 1603 1161 nem-

1391 1175 1428 1196 μη
1442 1167 1569 1200 ruggerum
1583 1166 1603 1187 nl

1391 1200 1516 1243 3⁸:255&
1525 1201 1555 1241 εἴ,
1565 1200 1603 1241 ft:

1391 1249 1461 1277 quelle
1476 1255 1538 1276 setun
1547 1247 1602 1268 nubl-

1392 1281 1415 1297 to
1429 1283 1442 1296 ι
1455 1280 1543 1303 queem

1393 1356 1570 1377 aulfo-nemun
1583 1356 1604 1377 di

1392 1383 1434 1404 uh
1447 1383 1519 1411 regola
1537 1383 1604 1404 molto

1391 1411 1470 1432 daem
1493 1410 1562 1431 deriv-
1585 1409 1604 1430 ι]

1393 1437 1496 1462 ἄκοπα,
1544 1443 1604 1457 wne

1392 1465 1434 1492 γιό
1455 1468 1556 1484 mm
1575 1469 1604 1484 nn

1393 1497 1454 1518 pem
1468 1490 1577 1515 d'Ovidiu.

1395 1679 1410 1700 u
1431 1678 1569 1706 uni-pudeo

1394 1677 1606 1734 dssgamumeffi

1522 1732 1550 1752 ivl
1573 1731 1606 1752 dal

1527 1759 1559 1779 eui
1586 1758 1606 1779 nl

1395 1787 1478 1834 ponne
1555 1785 1606 1806 rodi

1395 1820 1421 1834 ω
1438 1819 1508 1834 m.

1395 1733 1461 1787 tin:
1483 1766 1505 1780 2„

1422 2066 1456 2087 En
1466 2066 1518 2087 buti
1531 2070 1608 2093 quum

1396 2093 1423 2114 he
1436 2094 1494 2114 detto
1509 2092 1537 2113 fin
1551 2093 1586 2120 qui
1596 2099 1608 2113 ι

1397 2120 1451 2141 farlo
1465 2124 1547 2141 morto
