1682 2762
216 531 231 541 ο

114 614 139 634 Ei
153 614 213 634 ritien
228 614 297 641 quiudi

87 640 124 661 che
139 640 227 660 Camillo
239 641 297 660 abbia

88 668 136 687 dno
159 674 222 713 ogero
236 667 254 687 ι]
269 667 297 686 la-

87 700 138 714 voro
184 694 203 713 e'
224 694 297 720 tempi,

87 720 161 740 dacehe
167 720 186 740 α’
192 721 238 740 suoi
245 721 299 747 gior-

87 747 108 766 ni
118 747 151 766 εἰὸ
159 754 192 766 era
198 747 300 767 decor-oso

87 780 122 800 per
138 773 271 798 chicchessia5

86 1065 120 1086 del
127 1070 182 1086 resto
191 1065 213 1086 in
223 1065 298 1086 Greci-

86 1093 174 1112 dices-nsi
182 1099 210 1112 un
222 1099 243 1112 re
251 1099 297 1114 nve-

87 1126 108 1139 re
122 1120 223 1140 ritrovnto
238 1119 253 1139 l'
264 1120 296 1139 in-

86 1146 165 1166 dustria
188 1146 208 1166 d'
218 1146 298 1173 ingru-

85 1178 119 1192 επ
128 1173 135 1192 i
149 1173 225 1192 terreni
234 1179 273 1193 con
283 1173 298 1193 il

87 1200 186 1224 concinne,

87 1346 139 1366 edin
150 1346 211 1366 Italia
221 1354 232 1367 a
242 1347 298 1368 ster-

86 1372 210 1400 culio,figlio
219 1374 238 1394 di
245 1374 297 1394 Fau·

86 1406 122 1423 no,
142 1406 189 1420 aver
209 1401 242 1420 cio
264 1408 297 1428 np-

86 1432 146 1452 preso
162 1426 243 1447 Ereole.

112 1455 131 1473 A
143 1452 218 1473 Sidone
229 1455 264 1481 poi
274 1454 296 1475 fu

86 1485 108 1499 re
125 1479 237 1501 l’ortolauo
257 1481 298 1502 Ad-

86 1505 203 1532 delenitum

84 1697 109 1717 ed
123 1704 135 1717 a
148 1697 245 1723 Saturno,
253 1698 293 1719 Ce-

85 1730 136 1748 rere,
159 1731 171 1744 ι
196 1725 297 1746 Sterculio

85 1755 152 1771 nesso
175 1751 298 1773 l'autichita

85 1778 138 1798 riae
146 1778 213 1801 altui-

332 257 395 290 174
747 247 1093 278 EPISTOLARIO

327 393 393 415 non
413 391 471 425 pro
490 390 633 419 vomere,
653 378 708 423 qui
733 376 861 411 Camilli
880 375 991 410 fuerit:
1016 376 1070 408 vix
1090 374 1179 408 enim
1201 384 1269 408 tam
1292 373 1363 408 vilis
1386 374 1431 408 rei
1446 385 1522 418 pos-

327 439 426 473 sessio
451 438 547 482 digna
570 445 629 476 est,
656 448 720 480 que
744 435 783 469 de
807 434 938 469 Camilli
963 434 1097 467 nomine
1126 433 1294 466 vocitetur.
1360 432 1415 466 sed
1439 432 1521 466 forte

327 497 422 530 nimis
446 497 478 528 in
497 507 530 528 re
545 494 717 528 clarissima
735 504 858 533 versor,
881 492 954 526 licet
977 491 1132 535 ampliora
1151 490 1323 535 requireret
1341 491 1520 534 pervicacia

328 552 603 592 contendentium,
626 551 681 595 qui
704 562 771 584 non
790 558 936 595 possunt,
959 549 1028 581 imo
1043 548 1170 588 nolunt,
1189 547 1309 591 paucis,
1334 547 1408 581 licet
1425 548 1521 589 veris,

328 623 396 645 esse
410 610 562 644 contenti.
610 608 736 642 credam
750 609 848 652 igitur
867 606 1053 659 Camillum,
1068 606 1144 639 licet
1157 605 1290 649 patricio
1302 615 1432 649 genere,
1447 604 1520 638 licet

326 677 375 702 tot
398 667 544 702 functum
567 666 756 706 honoribus,
780 666 853 699 licet
873 665 950 698 alter
966 663 1125 699 Romulus
1149 664 1251 697 dictus
1275 663 1327 702 sit,
1348 662 1520 707 agricolam

327 727 485 767 extitisse;
519 724 781 770 quandoquidem
818 723 981 767 dignitatis
1019 731 1095 763 erat,
1129 733 1196 755 non
1229 721 1414 755 abiectionis
1451 731 1520 754 esse

327 783 491 816 colonum.
537 781 626 826 quod
650 793 749 825 usque
774 780 854 813 adeo
873 790 987 813 verum
1006 788 1064 818 est,
1088 777 1177 822 quod
1196 777 1335 822 agricole
1354 788 1447 822 reges
1466 788 1521 821 per

326 841 428 874 victus
452 841 577 884 copiam
601 849 633 873 et
651 838 874 872 excellentiam
891 836 1031 871 exercitii
1049 835 1250 869 dicebantur:
1267 835 1343 868 hinc
1362 834 1520 868 Melibeus

326 898 410 942 apud
434 898 604 931 Maronem
627 897 685 930 ait:

537 980 603 1008 Post
621 980 725 1016 aliquot
743 988 806 1006 mea
825 987 908 1014 regna
926 977 1021 1005 videns
1037 977 1155 1004 mirabor
1175 978 1268 1004 aristas
1277 977 1320 1005 (¹).

325 1075 358 1099 et
380 1067 508 1109 Augeas
534 1077 590 1098 rex
618 1066 650 1098 in
674 1064 789 1098 Grecia
811 1062 1007 1097 stercorandi
1031 1062 1197 1096 solertiam
1221 1061 1404 1103 adinvenit3
1428 1062 1519 1096 cuius

325 1123 484 1157 stabulum
507 1122 640 1168 fingitur
663 1122 818 1156 Hercules
838 1121 994 1165 egessisse
1004 1120 1056 1161 (²);
1079 1119 1165 1154 unde
1180 1129 1229 1153 est
1247 1119 1405 1164 tragicum
1423 1119 1518 1153 illud:

536 1208 595 1234 Nec
615 1207 648 1234 ad
668 1215 751 1233 omne
770 1206 875 1234 clarum
893 1205 998 1232 facinus
1017 1205 1134 1232 audaces
1154 1213 1250 1231 manus

538 1256 642 1283 stabuli
660 1255 764 1291 fugavit
783 1255 867 1290 turpis
886 1254 975 1290 Augei
993 1254 1069 1281 labor
1077 1253 1120 1281 (3).

326 1355 466 1380 ceterum
494 1344 648 1379 Hercules
671 1355 727 1377 rex
746 1343 809 1377 hoc
831 1343 866 1377 in
890 1343 1019 1376 Latium
1042 1353 1235 1387 propagasse
1256 1341 1393 1376 creditur
1416 1351 1448 1375 et
1469 1353 1518 1376 re·

324 1415 400 1448 gem
419 1415 526 1444 suum,
541 1402 642 1436 Fauni
657 1401 772 1442 filium,
787 1400 981 1435 Sterculium
994 1401 1138 1441 nornine,
1155 1399 1302 1434 docuisse
1312 1399 1357 1433 (⁴).
1403 1399 1518 1444 quibus

325 1470 356 1494 et
369 1460 445 1494 illud
459 1459 598 1500 accedat,
612 1459 700 1503 quod
719 1457 893 1492 Alexandri
918 1458 1031 1502 Magni
1053 1467 1136 1491 etate
1160 1457 1244 1502 apud
1264 1456 1422 1491 Sidonem
1440 1468 1518 1502 pau-

325 1519 479 1563 perrimus
498 1518 547 1551 vir
565 1517 661 1551 fuisse
680 1516 806 1560 legitur,
821 1516 919 1560 longa
934 1516 1007 1549 licet
1019 1526 1155 1549 avorum
1171 1515 1251 1549 serie
1263 1515 1354 1559 regio
1368 1514 1518 1559 sanguini

325 1587 479 1618 annexus,
492 1575 593 1609 hortis
605 1574 773 1619 irrigandis
786 1573 992 1618 colendisque
1011 1574 1127 1618 stipem
1143 1573 1331 1607 vilissimam
1346 1583 1472 1606 merens
1486 1581 1520 1606 et

325 1634 425 1667 vitam
438 1633 556 1667 ducens
569 1633 702 1676 inopem
714 1632 758 1665 (5).
794 1631 871 1675 quid
882 1631 994 1675 plura?
1031 1642 1141 1664 nonne
1158 1630 1349 1675 agricolatus
1365 1629 1519 1664 industria

324 1693 433 1736 priscis
446 1692 504 1725 illis
517 1692 633 1736 placuit
644 1692 726 1724 inter
738 1690 815 1724 deos
833 1689 949 1723 referre
967 1689 1152 1731 Saturnum,
1169 1689 1323 1724 Cererem
1332 1698 1365 1723 et
1379 1688 1519 1723 eundem

324 1750 414 1783 illum
438 1749 641 1790 Sterculium,
672 1749 727 1793 qui
749 1749 1013 1782 stercorationem
1037 1756 1068 1781 et
1091 1746 1200 1780 didicit
1230 1756 1262 1780 et
1288 1746 1429 1790 recepit?
1448 1773 1454 1779 .
1473 1745 1519 1780 fa-

325 1817 425 1842 cessat
436 1808 534 1852 igitur
544 1808 649 1840 omnis
669 1818 773 1848 error;
788 1806 1019 1850 credamusque
1038 1806 1107 1839 sine
1121 1804 1319 1838 dubitatione
1342 1804 1518 1839 Camillum

378 1929 400 1951 3.
411 1921 467 1944 Cod.
475 1921 603 1950 parvicaciu
663 1927 700 1949 ¹4-
715 1921 771 1943 Cod.
786 1919 876 1943 facinus
890 1920 944 1943 clar.
1001 1925 1078 1948 17-21.
1094 1920 1178 1948 Quem>
1189 1919 1289 1948 periodo
1298 1919 1312 1941 ὲ
1324 1919 1364 1942 ne!
1370 1919 1422 1942 eod.
1430 1921 1520 1947 guasto

323 1969 339 1984 a
353 1962 390 1983 tal
408 1967 483 1990 tegno
502 1961 533 1983 da
554 1967 651 1983 erronee
673 1961 757 1983 tenure
778 1960 815 1983 de!
832 1961 922 1989 copma
937 1960 968 1982 da
983 1960 1084 1982 τίνει-ἔνο
1104 1959 1300 1988 inintelligibile.-
1321 1958 1403 1988 quibus
1421 1962 1444 1981 et
1463 1958 1519 1981 inud

322 2001 415 2023 accedat
429 2001 491 2030 quod
504 2000 627 2023 Alexandri
641 2000 719 2029 Magni
734 2000 798 2023 debet
811 2000 871 2028 apud
888 1999 994 2023 Sidonem
1013 2000 1082 2028 longa
1102 1998 1159 2022 serie
1180 1999 1232 2021 licet
1246 1998 1302 2028 regii
1315 2003 1390 2021 tamen
1404 1997 1520 2027 sanguinis

322 2047 389 2069 paul).
404 2040 439 2062 vir
452 2040 522 2062 fuisse
545 2040 627 2069 legitur
647 2040 703 2062 ortis
720 2040 743 2062 in
757 2039 789 2062 rei
807 2039 898 2068 grandis
915 2039 1061 2068 colendisque
1075 2039 1128 2069 stip.
1143 2039 1245 2062 vilissim.
1260 2042 1347 2061 metens
1360 2040 1402 2061 hc.
1430 2038 1466 2060 ut
1475 2044 1519 2060 eon

323 2081 458 2110 fngegnato
471 2081 593 2103 coll'aiuto
608 2081 635 2103 dx·
647 2080 731 2109 Canio
744 2086 757 2102 e
771 2080 798 2102 dt
811 2080 920 2103 Giusn'no
933 2080 960 2102 di
972 2080 1095 2103 restimire
1109 2080 1128 2102 ll
1140 2086 1207 2102 teneo
1221 2085 1234 2101 e
1249 2081 1272 2102 Ια
1286 2079 1392 2102 simoni.

358 2193 400 2228 (1)
419 2193 508 2221 VERG.
526 2194 586 2221 Buc.
606 2193 626 2226 1,
642 2193 685 2230 69.

357 2237 400 2271 (2)
419 2236 477 2262 Son
487 2242 580 2272 queste
590 2236 615 2263 le
631 2235 722 2271 parole
734 2236 779 2263 del
794 2236 822 2263 S.
837 2235 898 2263 rife-

322 2277 515 2312 rite‚comegia
527 2277 663 2305 dicemmo
672 2286 718 2313 ap.
733 2277 861 2311 165,nota
873 2286 896 2310 1,

323 2318 357 2344 da
370 2319 510 2346 Andreolo
524 2328 538 2346 a
555 2328 577 2346 c.
595 2327 636 2352 4Α
652 2319 696 2347 del
714 2320 772 2346 cod.
783 2320 844 2347 Vat.
858 2319 896 2346 la-

977 2192 1021 2228 (3)
1041 2192 1108 2220 Seu.
1140 2193 1216 2228 Trag.
1244 2192 1351 2221 Herc.
1378 2191 1455 2220 Fur.
1482 2192 1518 2226 11,

943 2235 1056 2270 247-48·

977 2278 1020 2313 (4)
1040 2278 1119 2305 Ptm.
1137 2278 1197 2306 Nat.
1216 2278 1271 2305 hist.
1290 2277 1376 2312 XVII,
1394 2285 1435 2311 V1,
1451 2286 1472 2305 1.

977 2321 1019 2356 (5)
1040 2321 1083 2348 Cf.
1104 2321 1142 2353 Q.
1167 2321 1261 2348 Cmvr.
1285 2321 1356 2348 Rur.
1381 2321 1422 2348 Da
1446 2322 1519 2356 gestis

941 2364 1016 2433 glut.
1043 2365 1138 2399 magni,
1157 2363 1204 2397 lv,
1229 2372 1248 2396 1,
1273 2372 1288 2390 e
1312 2363 1421 2391 Iusrm.
1449 2364 1518 2392 Hist.

970 2407 989 2438 I,
1008 2414 1037 2439 x,
1056 2407 1082 2433 8.

324 2361 381 2388 tino
391 2361 465 2395 1645,
473 2362 544 2389 dove
552 2364 617 2398 pero
625 2362 728 2398 leggesi
737 2372 751 2387 «
759 2362 863 2389 stabula
872 2372 896 2395 »;

323 2403 356 2431 cf.
370 2404 413 2431 del
426 2410 496 2432 resto
510 2405 657 2434 PumNat.
666 2406 720 2433 hist.
730 2405 817 2439 XVII,
824 2414 865 2439 vr,
874 2414 896 2433 1.

1551 900 1591 924 10

1550 1256 1587 1289 15

1545 1584 1589 1608 20
