1682 2762
86 901 126 926 10

86 1193 122 1227 15

81 1483 124 1508 20

81 1773 120 1808 25

82 2065 124 2099 30

425 243 473 270 DI
505 242 770 271 COLUCCIO
802 241 1078 270 SALUTATI.
1286 246 1348 279 491

152 376 341 401 consumate
364 365 569 411 perfectionis
585 375 681 411 poeta
693 366 798 408 fuerit,
818 379 886 401 non
906 368 1014 401 minus
1031 366 1165 401 audeam
1183 367 1350 410 affirmare,

152 437 251 471 quam
274 424 315 460 de
338 425 480 470 sapiente
500 425 616 459 Cicero
636 434 745 458 noster
764 426 871 459 sentit.
918 425 1027 459 scribit
1049 422 1199 470 equidem
1216 427 1250 460 in
1270 426 1351 460 libro

154 484 216 518 De
239 483 448 524 amicicia,
473 494 548 517 cum
574 483 735 518 Catonem
760 484 904 518 Fannius
919 483 1061 524 dixisset,
1078 485 1154 528 quia
1177 484 1352 519 multarum

151 553 258 576 rerum
282 553 380 576 usum
402 541 543 582 haberet,
567 541 656 586 quod
679 541 780 576 multa
805 542 873 576 eius
896 542 929 576 in
954 551 1067 576 senatu
1092 552 1123 576 et
1149 543 1182 576 in
1206 542 1276 577 foro
1300 543 1353 577 vel

152 600 280 646 provisa
302 599 476 645 prudenter
494 599 547 634 vel
573 610 642 635 acta
666 609 850 634 constanter
882 600 935 634 vel
963 612 1116 645 responsa
1145 610 1238 635 acute
1270 600 1351 635 fere-

153 658 277 700 bantur,
300 659 390 704 quasi
408 669 593 703 cognomen
610 657 758 692 habuisse
774 658 807 692 in
827 667 994 692 senectute
1018 659 1191 703 Sapientis:
1216 659 1352 694 subiecit

152 716 276 752 Lelius:
299 716 368 758 sed,
387 727 422 750 ut
445 716 543 750 michi
562 716 697 758 videtur,
722 728 790 750 non
812 726 898 750 recte
923 716 1044 751 iudicas
1065 717 1104 751 de
1125 717 1270 752 Catone:
1295 727 1351 752 aut

153 775 242 810 enim
253 786 353 809 nemo
367 774 439 816 fuit,
448 774 537 820 quod
550 774 682 820 quidem
695 775 800 819 magis
813 774 919 815 credo,
933 784 989 809 aut
1000 775 1027 808 si
1040 777 1223 820 quisquam,
1235 775 1286 810 ille
1301 788 1352 810 sa-

153 834 244 879 piens
258 832 369 868 fuito).
417 844 504 868 nunc
515 843 636 874 autem,
646 845 720 868 cum
735 842 783 867 tot
795 843 828 867 et
840 842 928 867 tanta
940 833 980 867 de
996 843 1090 878 poeta
1104 833 1260 878 loquerer,
1271 844 1351 879 quot

153 891 212 927 alia
234 892 344 938 scripsi
359 891 482 937 pridem
499 891 645 937 epistola,
665 902 731 925 non
749 891 788 926 de
803 901 974 937 poetarum
988 891 1106 937 aliquo,
1126 892 1183 926 sed
1199 892 1239 926 de
1255 902 1352 937 poete

153 949 348 997 perfectione
371 960 480 985 teneas
499 961 552 984 me
568 950 715 990 sensisse,
762 961 849 991 nam,
866 960 902 984 ut
917 949 956 984 ad
978 950 1150 995 Virgilium
1169 950 1309 991 redeam,
1324 951 1352 985 si

152 1011 323 1056 quisquam
346 1020 488 1054 unquam
504 1018 598 1054 poeta
614 1007 684 1049 fuit,
704 1009 812 1054 ipsum
831 1019 899 1042 non
915 1018 1046 1053 poetam
1061 1008 1179 1050 solum,
1199 1008 1255 1043 sed
1274 1020 1352 1054 poe-

151 1077 255 1102 tarum
275 1067 451 1112 principem
471 1078 540 1101 esse
562 1066 755 1111 pronuncio,
775 1077 836 1100 nec
855 1066 994 1111 aliquem
1014 1066 1194 1100 Grecorum
1214 1067 1352 1111 excipio,

153 1137 220 1160 non
243 1125 350 1171 ipsum
373 1125 471 1159 etiam
495 1125 692 1166 Homerum,
714 1124 788 1159 licet
806 1134 873 1159 tota
892 1124 1025 1159 reluctet
1041 1125 1166 1159 Grecia.
1213 1136 1299 1166 nam,
1317 1134 1353 1160 ut

152 1183 355 1218 dulcedinem
379 1183 528 1217 omittam
546 1183 717 1222 sermonis.
742 1182 782 1217 de
806 1194 870 1228 qua
893 1183 990 1217 iudex
1020 1194 1090 1217 esse
1114 1194 1180 1217 nou
1204 1195 1352 1228 possum,

150 1242 347 1276 inventionis
370 1251 480 1276 tamen
504 1241 674 1286 elegantia,
698 1253 806 1276 rerum
826 1252 859 1276 et
881 1242 1114 1276 sententiarum
1131 1242 1299 1276 maiestate
1319 1252 1351 1276 et

151 1300 220 1345 ipsa
241 1298 459 1344 profunditate
482 1300 614 1334 scientie
638 1300 749 1334 nescio
768 1300 794 1334 si
818 1299 957 1345 Virgilio
974 1309 1086 1334 nostro
1107 1300 1276 1334 Meonium
1298 1299 1351 1333 vel

151 1358 290 1404 aliquem
305 1357 403 1392 alium
417 1367 624 1403 anteponam.
672 1368 842 1392 causentur
858 1358 931 1392 licet
946 1358 1040 1392 Greci
1058 1357 1159 1391 multa
1174 1357 1351 1403 Virgilium

152 1416 191 1452 ab
215 1417 363 1452 Homero
386 1426 442 1451 aut
474 1417 572 1450 etiam
595 1416 635 1451 ab
654 1417 721 1451 aliis
745 1426 908 1451 mutuasse
931 1426 963 1450 et
994 1416 1058 1450 hoc
1084 1415 1215 1450 firment
1238 1416 1350 1458 taliter,

151 1475 240 1521 quod
263 1484 405 1510 astruant
420 1475 509 1510 nullo
530 1475 631 1510 modo
650 1475 747 1510 talem
766 1474 864 1510 fuisse
883 1475 1058 1519 Virgilium
1077 1475 1102 1508 si
1127 1486 1193 1509 non
1215 1476 1352 1520 preexti·

150 1535 240 1570 tinet
263 1535 438 1575 Homerus,
462 1546 530 1569 non
555 1534 684 1569 credam
711 1547 752 1569 ex
775 1535 838 1569 hoc
867 1535 1030 1569 minorem
1060 1535 1198 1580 reputari
1235 1534 1351 1570 debere

152 1594 334 1628 Maronem.
379 1593 425 1627 sic
457 1593 544 1627 enim
571 1594 746 1628 Homerica
769 1594 916 1638 sumpsit,
945 1602 980 1627 ut
1009 1605 1067 1628 sua
1093 1593 1211 1628 faceret
1218 1606 1228 1634 ;
1251 1594 1296 1627 sic
1319 1602 1351 1627 et

151 1651 254 1687 multa
273 1652 382 1696 posuit
404 1661 500 1697 atque
522 1651 610 1692 fecit,
629 1651 718 1697 quod
737 1651 800 1686 dici
824 1651 914 1686 nullo
938 1651 1039 1686 modo
1062 1652 1187 1697 possint
1215 1651 1351 1686 Homeri

151 1721 212 1745 nec
241 1710 368 1744 minora
390 1710 455 1745 sint
485 1721 583 1755 quam
613 1721 677 1755 que
706 1709 862 1751 vidntur,
887 1719 924 1744 ut
946 1720 1096 1754 arguunt,
1127 1710 1349 1754 assumpsisse.

150 1769 258 1803 sentio
281 1778 389 1803 tamen
413 1768 511 1802 alium
533 1778 631 1810 recte,
646 1769 706 1803 nisi
722 1768 826 1810 fallor,
843 1778 910 1802 tam
930 1767 1025 1802 latiali
1044 1780 1142 1813 quam
1158 1779 1256 1813 greco
1280 1779 1350 1813 pre·

151 1826 321 1861 serendum
336 1827 496 1867 Homero,
512 1827 537 1860 si
557 1826 654 1861 latine
673 1827 840 1872 potuisset,
857 1827 938 1861 sicut
954 1827 1091 1861 materni
1111 1827 1270 1860 sermonis
1287 1826 1351 1860 ele-

151 1885 277 1930 ganda,
288 1885 440 1920 cecinisse
451 1885 496 1918 (⁸).
544 1884 667 1919 nullum
684 1894 792 1919 tamen
809 1895 998 1919 consumate
1018 1885 1221 1930 perfectionis
1241 1884 1350 1919 habitu

151 1951 275 1978 certum
298 1953 346 1978 est
363 1943 524 1988 poeticam
542 1942 718 1978 imbibisse.
764 1954 831 1977 non
851 1944 947 1988 igitur
962 1942 1078 1977 tribuas
1097 1943 1210 1984 michi,
1226 1954 1349 1988 precor,

150 2001 240 2047 quod
263 2001 353 2036 vides
372 2001 468 2036 nullis
486 2002 582 2036 etiam
600 2001 802 2046 perin'ssimis
817 2001 1000 2046 contigisse.
1047 2000 1134 2046 quod
1155 2010 1264 2035 autem
1279 2011 1350 2035 sen-

151 2059 210 2094 tire
228 2058 345 2093 videris
365 2059 435 2093 sine
450 2070 557 2093 rerum
574 2057 723 2093 omnium
743 2059 929 2103 cognitione
944 2068 1090 2092 constare
1106 2067 1250 2102 poetam,
1265 2056 1350 2099 vide,

151 2128 274 2163 precor,
296 2116 382 2151 unde
407 2116 556 2152 deducas.
602 2116 659 2152 sed
678 2116 774 2151 dicis:
800 2117 925 2157 Cicero,
948 2127 1047 2161 quem
1071 2115 1200 2160 allegas,
1230 2124 1350 2149 cetera-

150 2187 234 2217 rum,
248 2176 361 2221 inquit,
378 2186 486 2210 rerum
503 2175 609 2211 studia
623 2184 656 2211 et
674 2174 819 2210 doctrina
835 2184 868 2209 et
885 2175 1043 2220 preceptis
1061 2183 1092 2208 et
1106 2183 1171 2208 arte
1187 2182 1350 2215 constare,

208 2289 246 2314 3¹·
260 2282 298 2306 Μ’
314 2283 410 2307 mnu·

187 2379 232 2415 (ι)
250 2379 313 2408 Cic.
332 2378 372 2407 Da
389 2381 465 2408 ank.
482 2380 517 2408 11.
773 2381 855 2413 sim-13
875 2379 908 2407 cf.
927 2379 972 2407 del
991 2385 1062 2407 reato
1079 2377 1230 2414 l’ep.xdel
1241 2377 1287 2406 lib.
1302 2377 1350 2411 xl,

187 2422 231 2458 (2)
250 2421 281 2450 L·
289 2421 422 2450 allusione
438 2431 455 2450 a
473 2422 564 2451 Dante
585 2424 601 2450 ὲ
620 2423 729 2450 chiaris-
774 2431 799 2458 p.
820 2430 866 2458 37¹
887 2421 915 2449 di
935 2427 1031 2458 questo
1048 2421 1166 2448 volume.

1379 371 1471 399 persono
1479 376 1550 399 poen,
1559 378 1594 393 co-

1380 405 1412 419 me
1435 398 1540 419 cicerone
1568 399 1595 420 bn

1379 425 1438 446 detto
1452 425 1490 446 che
1503 432 1547 446 non
1556 426 1595 446 ui-

1379 457 1443 472 nme
1453 453 1495 472 mai
1507 459 1538 473 un
1551 459 1596 480 per-

1379 479 1434 500 feno
1447 480 1548 507 sapiente.

1406 838 1441 859 En
1463 838 1540 866 qmnd'
1550 839 1593 867 egli

1379 866 1460 886 mmo
1474 866 1495 886 di

1380 897 1437 912 unte
1461 892 1540 920 qualit}
1562 892 1595 913 dal

1380 973 1462 1000 perche.
1477 979 1517 993 ove
1530 973 1546 994 u
1563 973 1595 993 ‹11-

1379 1005 1450 1020 ⁸eono
1458 1000 1508 1020 cada
1515 1006 1540 1020 tu
1547 999 1594 1020 Vh·-

1379 1026 1440 1054 gilio.
1453 1026 1494 1055 egli
1509 1028 1521 1047 ὲ
1535 1026 1594 1047 d'n·

1379 1053 1425 1074 viso
1437 1053 1475 1074 che
1489 1060 1532 1074 nou
1545 1053 1593 1074 nolo

1379 1081 1410 1101 ιίι
1437 1085 1493 1101 nuto
1522 1085 1592 1108 poen,

1379 1113 1413 1127 mn
1427 1107 1442 1127 il
1456 1107 1547 1135 principe
1558 1107 1592 1128 do'

1379 1134 1444 1161 poeti,
1455 1140 1498 1155 ιιοιι
1506 1133 1593 1155 inf-sio-

1379 1167 1400 1181 η
1414 1160 1440 1181 d
1453 1160 1542 1186 oium,

1378 1361 1469 1382 aebbae
1495 1361 1503 1382 Ι
1529 1361 1591 1383 Goed

1378 1387 1485 1409 uses-nino
1507 1388 1545 1409 che
1566 1389 1592 1410 du

1378 1414 1458 1436 Οιεω
1476 1415 1543 1436 molto
1556 1416 1591 1436 nb-

1379 1442 1412 1462 u·
1422 1442 1489 1466 tolto;
1503 1443 1550 1463 uui
1559 1443 1590 1463 di-

1379 1475 1432 1489 ctae
1461 1469 1498 1489 ebe
1525 1475 1548 1490 a
1573 1469 1589 1490 ll

1378 1500 1451 1516 antor
1478 1495 1499 1516 d'
1510 1495 1590 1516 Antania

1379 1529 1421 1543 nou
1435 1528 1506 1543 nvem
1519 1523 1590 1543 adni-

1378 1554 1409 1573 ω,
1437 1555 1480 1570 non
1507 1549 1591 1570 nabbe

1378 1576 1483 1597 uutoulae
1511 1576 1590 1598 unlefu

1377 1602 1448 1631 quello
1461 1603 1482 1623 d·

1396 1771 1438 1792 Bau
1445 1771 1491 1793 θοι-Ι
1497 1772 1533 1800 pin
1538 1772 1592 1793 tardi

1377 1798 1591 1853 33³3&ss

1377 1859 1440 1907 peuri?-
1444 1851 1591 1900 Οἳσοιονίτ·

1377 1906 1589 1934 poenivi-dunen·

1377 1938 1398 1954 u
1411 1939 1451 1954 ωιι
1469 1937 1527 1954 mnu
1547 1932 1589 1954 ek-

1377 1966 1450 1987 gnnn.
1467 1964 1546 2007 aaut·
1564 1966 1591 1980 ιε

1377 2018 1479 2036 mmo.

1404 2039 1438 2060 Ιι
1454 2040 1468 2060 n
1487 2039 1589 2060 paruo-21

1377 2067 1467 2087 mun·
1474 2067 1513 2087 eh·
1521 2066 1536 2087 il
1541 2073 1591 2094 po·-

1377 2098 1469 2141 ampo-o·
1478 2093 1590 2147 pm&

1377 2201 1403 2221 dn
1421 2207 1446 2221 nu
1460 2200 1508 2228 quel
1525 2200 1590 2228 luogo
