1682 2762
152 359 245 386 Vogliou
256 360 301 379 cosi
309 358 338 385 gli

125 387 192 407 autori
221 387 246 406 da
269 385 338 406 Guido

125 413 254 460 ε

125 468 269 495 rnggiungnno
283 473 339 493 mag<

141 495 173 514 ior
180 494 292 521 grandezza
300 493 340 513 del-

134 528 146 541 e
160 521 271 544 femmine;

127 595 160 608 mn
165 588 198 608 cib
204 587 275 608 risuitn
280 587 340 612 falso,

128 615 212 642 qumdo
223 615 240 634 si
251 614 340 641 prendnu

127 643 148 662 iu
163 648 231 662 eume
241 648 283 661 nou
293 640 340 660 solo

127 669 148 689 ln
162 675 218 689 razu
238 668 312 688 bovina
327 674 340 687 ο

128 696 225 723 l'equiua,
234 702 267 715 ma
275 695 340 715 anche

128 722 142 743 l'
151 729 232 743 umnna.

163 885 245 908 Qumte
273 884 341 904 donne

129 918 172 932 non
197 911 278 932 vediam
307 912 343 931 noi

128 939 163 966 piu
178 938 244 965 svilup
259 943 292 958 nte
301 938 342 958 fisi-

129 970 223 986 tumente
250 965 290 992 egli
305 972 341 985 uo-

130 992 193 1012 minii

156 1019 183 1039 Se
204 1019 218 1039 il
241 1019 341 1046 principio

130 1046 241 1067 enuncinto
286 1046 342 1066 fosse

130 1073 238 1093 consume
251 1072 270 1093 nl
284 1079 340 1097 vero,

130 1100 233 1120 dovrebbe
247 1101 342 1120 -vvenire

130 1127 245 1154 i'opposto.

158 1176 250 1197 Assurdo
280 1177 343 1197 riesce

145 1205 200 1224 ereio
214 1204 229 1224 il
244 1204 286 1224 dire
307 1204 343 1224 che

131 1231 145 1251 il
159 1231 259 1256 muchim
270 1231 343 1258 perche

131 1258 180 1282 tale,
206 1258 236 1278 tin
264 1264 343 1285 sempre

132 1285 226 1316 mpggior
233 1285 286 1305 della
294 1284 344 1305 sem-

132 1319 187 1359 Ξὶἲὲ
195 1312 305 1366 ‘23323222
316 1311 344 1359 ‘1⁸11

132 1366 185 1386 altre
204 1372 264 1386 cause
283 1373 294 1386 ι
309 1367 345 1386 noi

134 1394 204 1421 ignote
219 1394 264 1413 sara
279 1393 304 1413 da
318 1393 344 1413 ri-

133 1426 228 1440 cercnrue
238 1419 344 1447 l'origine3

134 1644 180 1658 esso
193 1638 303 1665 dipenderi
313 1644 346 1657 so-

135 1669 237 1692 prattutto
252 1664 306 1684 dana
317 1665 347 1684 di-

135 1692 183 1712 vina
198 1692 346 1719 dispositione.

162 1912 226 1933 Come
241 1916 348 1932 ammetter

135 1946 175 1960 con
199 1939 276 1964 Guido,
293 1939 348 1966 dopo

137 1967 156 1987 di
170 1967 212 1991 cio,
228 1967 265 1986 che
280 1966 300 1986 1ι
314 1972 349 1986 nn-

136 1999 182 2014 turn
197 1994 280 2014 intendit
296 1999 349 2013 sem-

136 2027 171 2047 pre
182 2027 193 2041 n
201 2027 271 2041 creare
281 2020 296 2040 il
307 2027 348 2040 mn-

136 2047 200 2072 achio,
225 2055 235 2068 e
259 2054 302 2068 non
330 2047 350 2067 Ιι

137 2074 249 2095 femi-nina?
264 2075 290 2095 Se
304 2081 350 2094 essa

137 2101 201 2126 fos-e,
213 2102 289 2122 com'ei
299 2108 350 2123 vuo-

369 229 430 262 592
791 224 1139 252 EPISTOLAR10

366 353 500 397 possint,
521 362 645 395 precor,
669 350 828 384 advertas.
876 350 991 384 volunt
1014 360 1046 384 et
1076 349 1164 383 velut
1183 349 1477 394 exploratissimum
1501 361 1569 394 pre·

367 419 554 455 supponunt
562 423 571 451 ;
591 409 679 454 quod
703 418 734 443 et
757 420 791 443 tu
811 410 878 453 ipse
902 420 959 452 pro
983 420 1061 442 vero
1086 409 1268 453 sumpsisti;
1291 408 1380 453 quod
1403 408 1486 443 inter
1501 409 1570 443 ani-

369 470 465 503 malia
480 468 623 502 mascula
640 468 769 501 feminis
781 477 856 502 sunt
871 467 1009 508 maiora;
1025 466 1113 512 quod
1131 467 1349 500 communiter
1362 478 1431 501 esse
1443 479 1568 508 verum,

369 539 443 561 cum
460 527 499 561 ad
516 537 650 561 sensum
669 535 785 570 pateat,
805 537 904 559 nemo
924 534 1041 570 potest,
1061 525 1121 558 nisi
1137 525 1284 569 loquatur
1301 524 1567 566 irrationabiliter,

368 586 500 620 inficiari
510 585 554 619 (¹).
602 596 726 626 verum,
740 593 775 618 ut
787 584 927 618 volatilia
941 583 1141 617 dimittamus
1154 592 1186 617 et
1197 583 1310 627 pisces,
1323 595 1461 628 quorum
1473 595 1569 617 sexus

369 656 436 678 non
459 643 551 678 facile
575 643 674 687 possit
698 644 841 687 agnosci,
866 643 899 676 in
922 642 1065 676 humana
1089 642 1204 686 specie,
1230 641 1348 675 bovilla
1373 642 1425 675 vel
1452 642 1569 686 equina

368 701 626 747 magnitudinem
651 701 799 735 videmus
824 712 841 734 a
864 701 1050 745 regionibus
1075 701 1282 745 maximeque
1312 701 1409 734 etiam
1440 700 1479 734 de
1510 713 1570 734 nu·

369 760 548 794 tritionibus
573 760 742 804 provenire
751 773 759 800 ;
785 768 819 793 ut
842 759 982 803 ligurem
1006 759 1058 792 vel
1083 759 1301 803 germanicam
1326 759 1494 793 mulierem
1521 771 1572 792 se-

370 820 499 864 pissime
515 819 682 853 videamus
703 830 914 853 communem
933 827 1098 852 tuscorum
1117 819 1261 852 virorum
1280 817 1482 852 altitudinem
1501 829 1573 863 per-

369 878 517 918 transire;
543 877 690 911 videmus
715 887 746 910 et
769 877 852 910 inter
880 888 940 910 nos
970 877 1122 921 plurimas
1150 876 1299 915 mulieres
1323 876 1399 910 viris
1427 876 1569 921 plurimis

370 948 439 970 esse
464 936 617 977 maiores;
638 945 673 970 ut
691 935 781 969 fateri
797 936 1013 969 necessarium
1036 937 1078 969 sit
1101 935 1183 968 hanc
1199 935 1423 979 proceritatem
1443 934 1571 969 aliunde

369 995 560 1039 principium
584 1005 711 1028 sumere
735 1005 834 1038 quam
858 1006 875 1027 a
899 1005 987 1028 sexu.
1050 994 1206 1038 quoniam
1230 994 1257 1027 si
1279 994 1314 1026 in
1337 993 1436 1026 totius
1459 1001 1572 1027 nature

370 1052 538 1086 latitudine
570 1063 684 1086 verum
716 1061 798 1086 esset
827 1052 916 1097 quod
951 1052 1084 1085 masculi
1115 1051 1242 1085 feminis
1267 1051 1459 1092 eminerent,
1485 1051 1573 1085 nulla

371 1111 486 1145 mulier
508 1111 578 1144 viro
606 1111 710 1144 maior
733 1110 784 1145 vel
807 1122 889 1155 equa
913 1111 1016 1144 maior
1039 1122 1135 1155 equo,
1166 1109 1253 1144 mula
1285 1109 1377 1143 mulo
1408 1109 1460 1143 vel
1483 1109 1572 1143 asina

371 1170 474 1203 maior
497 1169 684 1214 reperiretur
708 1169 816 1203 asello.
875 1180 943 1203 non
967 1181 1045 1214 ergo
1070 1169 1173 1203 maior
1196 1177 1244 1202 est
1267 1168 1427 1202 masculus
1450 1167 1572 1202 femina

371 1229 526 1273 quoniam
551 1228 712 1262 masculus
736 1237 793 1269 est,
825 1227 880 1261 sed
909 1228 1003 1261 aliam
1027 1236 1155 1271 oportet
1178 1238 1288 1261 veram
1318 1236 1349 1260 et
1372 1225 1571 1260 infallibilem

371 1286 502 1320 reddere
518 1286 689 1320 rationem.
737 1298 798 1330 que
818 1286 859 1320 sit
878 1286 929 1319 illa
945 1286 1047 1320 fateor
1062 1298 1114 1319 me
1139 1286 1272 1327 nescire,
1291 1297 1351 1319 nec
1365 1285 1447 1318 inter
1466 1284 1572 1329 physi-

373 1345 514 1378 cantium
543 1345 682 1378 rationes
714 1344 817 1378 adhuc
847 1345 955 1378 inveni
985 1356 1043 1378 nec
1077 1343 1204 1378 credam
1239 1343 1378 1388 aliquam
1412 1354 1574 1388 quemque

372 1415 477 1448 posse,
501 1415 562 1448 que
586 1414 815 1448 usquequaque
839 1403 954 1444 valeat,
975 1404 1147 1447 assignare.
1206 1414 1284 1436 vero
1307 1411 1417 1436 tamen
1442 1402 1574 1446 propius

373 1474 445 1496 reor
460 1462 584 1507 agentis
601 1462 797 1506 particularis
813 1463 1002 1506 potentiam,
1023 1461 1263 1495 multitudinem
1281 1461 1414 1494 materie
1428 1470 1460 1494 et
1479 1459 1574 1494 obce-

374 1521 528 1562 dentiam,
553 1521 684 1565 vimque
704 1520 891 1554 nutritivam
911 1519 1177 1564 influentiamque
1209 1519 1267 1552 celi
1290 1518 1496 1563 regionisque
1519 1529 1576 1552 na·-

375 1590 480 1613 turam
505 1591 635 1613 causam
659 1578 710 1612 vel
734 1590 844 1613 causas
872 1590 942 1612 esse
966 1577 1199 1623 magnitudinis
1223 1586 1255 1611 et
1278 1577 1496 1621 proceritatis;
1519 1577 1576 1611 sed

375 1650 470 1683 super
494 1638 605 1671 omnia
630 1637 845 1671 certissimum
869 1646 965 1670 teneo
981 1638 1084 1681 prime
1108 1647 1214 1676 cause,
1237 1647 1299 1680 que
1324 1636 1414 1669 Deus
1439 1644 1497 1686 est,
1521 1635 1576 1679 qui

375 1706 488 1730 cuncta
513 1695 586 1730 facit
609 1696 642 1729 in
667 1695 809 1740 pondere
832 1704 864 1729 et
888 1706 1039 1729 mensura
1051 1695 1096 1736 (²),
1121 1694 1323 1728 voluntatem
1346 1703 1378 1728 et
1401 1692 1576 1728 ordinatio-

375 1767 463 1796 nem,
484 1756 553 1789 sine
579 1755 668 1788 cuius
693 1764 772 1788 nutu
797 1753 912 1788 folium
936 1766 1003 1787 non
1027 1763 1189 1795 movetur,
1208 1764 1278 1787 esse
1297 1763 1427 1787 causam
1450 1752 1577 1796 magni-

376 1814 495 1848 tudinis
512 1823 543 1847 et
562 1813 724 1858 parvitatis
745 1822 775 1846 et
794 1813 828 1846 in
847 1824 904 1846 sue
920 1812 1156 1846 deliberationis
1173 1811 1289 1855 abysso
1305 1811 1470 1855 persistere
1485 1810 1575 1855 quod

376 1874 446 1918 quis
466 1872 627 1906 masculus
651 1871 835 1916 feminaque
859 1880 1018 1904 nascatur.

444 1931 531 1965 Nam
557 1929 645 1974 quod
669 1938 783 1963 natura
807 1929 998 1969 masculum,
1020 1937 1132 1973 utpote
1152 1927 1332 1972 perfectius,
1362 1926 1576 1971 principaliter

377 1999 409 2023 et
431 2000 559 2033 semper
575 1987 721 2022 intendat
740 1997 772 2021 et
790 1986 945 2021 feminam
959 1997 1063 2031 preter
1077 1987 1144 2020 eius
1159 1986 1343 2030 precipuam
1361 1985 1576 2019 intentionem

377 2047 480 2089 educi,
504 2047 531 2081 si
554 2046 636 2080 foret
659 2046 878 2090 omnipotens,
902 2055 937 2079 ut
961 2054 995 2078 tu
1019 2044 1137 2086 scribis,
1162 2056 1222 2078 nec
1245 2056 1263 2078 a
1282 2044 1452 2088 superioris
1479 2054 1576 2078 cause

434 2179 452 2194 ι.
467 2171 485 2193 Α
500 2171 560 2200 dopo
574 2174 596 2193 et
610 2177 664 2193 νει-α
679 2177 711 2192 un
724 2176 738 2192 c
751 2170 890 2192 cancellato.

377 2213 420 2236 scit
476 2214 510 2236 18.
525 2213 544 2234 A
558 2218 695 2242 quemquam

378 2253 411 2276 26.
425 2252 482 2275 AP¹
497 2255 614 2275 omettono
624 2252 685 2282 quod

946 2175 966 2191 2.
981 2173 1006 2191 tu
1021 2168 1081 2197 ipse]
1091 2168 1110 2190 Α
1124 2172 1189 2197 turpe
1245 2168 1267 2190 8.
1276 2165 1334 2189 AP¹
1349 2166 1446 2195 liguram

749 2217 784 2234 21.
801 2210 830 2233 Ρ1
846 2213 930 2233 omette
944 2217 988 2239 que
1002 2210 1062 2238 dopo
1077 2209 1123 2232 infl.
1179 2215 1216 2239 ²3·
1232 2209 1250 2231 Α
1265 2215 1332 2237 supra

741 2258 778 2281 29.
793 2251 812 2273 A
827 2253 913 2273 omene
927 2250 947 2272 il
958 2251 1038 2279 primo
1052 2254 1074 2272 et

1502 2172 1535 2196 17·
1546 2164 1577 2188 1³¹

1387 2214 1426 2236 ²⁴·
1441 2207 1459 2230 Α
1474 2207 1578 2231 ordenat.

414 2368 454 2402 (1)
476 2367 541 2395 Cosl
564 2366 675 2394 afferma
700 2367 881 2398 Anno-rm,
904 2365 955 2391 che
1001 2363 1043 2391 del
1055 2363 1134 2396 fatto;
1148 2363 1181 2390 cs.
1195 2363 1234 2395 Dc
1247 2362 1352 2389 animal.
1363 2365 1473 2398 generat.
1485 2361 1507 2394 1,
1521 2368 1578 2388 xxx.

378 2410 449 2437 nelle
474 2410 666 2437 mestruazioni
691 2409 781 2436 addita
800 2408 826 2435 le
846 2407 955 2443 cagioni
1036 2405 1079 2442 (2)
1099 2405 1141 2433 Cf.
1160 2405 1220 2441 Sap.
1239 2404 1288 2437 XI,
1307 2412 1349 2431 21.

1604 887 1643 911 10

1605 1178 1642 1211 ¹5

1603 1469 1646 1493 20

1605 1723 1671 1795 25Δ

1606 2052 1648 2086 30
