1708 2774
0 629 22 1173 -vs=‡-2-w-w-⁴w„ffl‚<ffi.„‚2
14 548 20 551 .
16 519 18 523 ,

0 1421 6 1485 -Ἶψ-
0 1285 9 1404 -(·-=-
0 1235 4 1265 2.-.
0 1189 5 1211 v.-

112 907 153 932 ΣΟ

113 1228 151 1262 15

110 1521 154 1547 20

112 1816 154 1851 25

114 2110 157 2144 30

455 292 801 330 D1200Lucclo
834 291 1108 320 SALUTATI.
1339 291 1381 324 37

182 417 260 463 quid
282 417 403 463 reliqua
425 429 488 463 que
510 417 712 463 sequuntur?
756 428 868 452 nonne
885 427 1039 463 tanquam
1059 416 1098 451 ab
1115 424 1242 450 amante
1262 425 1381 449 conve-

182 475 383 511 nientissime
405 475 492 510 dicta
514 485 601 510 sunt:

430 560 528 587 Induat
545 560 663 588 adversis
683 561 817 588 contraria
836 565 950 596 pectora
967 559 1029 587 telis

464 609 552 643 Miles,
568 615 596 637 et
614 615 739 637 eternum
758 609 890 645 sanguine
909 617 1010 636 nomen
1029 614 1118 636 emat:

429 658 535 692 Querat
553 667 651 686 avarus
668 667 749 695 open
768 664 796 686 et
814 667 867 695 que
886 658 995 686 lassarit
1012 657 1104 685 eundo

444 741 449 743 ‘
464 708 573 744 Equora
590 708 700 745 periuro
718 707 864 744 naufragus
884 716 932 735 ore
951 707 1032 735 bibat.

432 757 470 785 At
486 757 571 785 michi
589 759 728 794 contingat
743 757 858 785 Veneris
877 757 1055 793 langueocere
1075 761 1167 788 motu;

466 806 540 834 Cum
560 807 669 840 moriar,
684 807 806 835 medium
822 806 912 834 solvar
930 812 956 833 et
975 806 1045 833 inter
1063 805 1147 841 opusl

383 873 387 877 ·
429 856 519 892 Atque
539 856 644 893 aliquis,
663 862 758 884 nostro
777 855 923 884 lacrimans
942 855 969 882 in
989 854 1092 887 funere,
1108 854 1193 881 dicat:

463 904 640 933 Conveniens
657 905 713 933 vite
731 913 807 933 mon
825 904 874 932 fuit
891 905 944 932 ista
963 904 1025 931 sue!
1039 902 1075 930 (¹)

1603 1020 1624 1034 Ι·

178 1046 334 1092 explicata
356 1046 480 1089 libellis,
504 1047 564 1082 nisi
589 1056 624 1082 ut
646 1046 760 1081 avidus
784 1058 895 1081 amans
926 1047 959 1080 in
983 1057 1040 1080 sue
1064 1045 1168 1091 puelle
1193 1045 1381 1090 complexus
1409 1041 1474 1062 ³¹⁸⁸
1494 1041 1623 1066 ''⁸³²¹“

179 1105 254 1140 eat?
296 1105 375 1151 quid
397 1105 455 1140 sibi
476 1106 544 1140 vult
566 1104 764 1140 Infelicis
787 1104 1001 1140 remedium
1024 1104 1189 1145 amoris,
1213 1103 1275 1138 nisi
1293 1102 1382 1148 quod

179 1163 315 1205 iuvenis,
334 1164 387 1209 qui
408 1163 447 1198 ad
467 1163 634 1209 amplexus
652 1173 791 1208 nequeat
809 1163 987 1208 pervenire,
1007 1162 1122 1196 misera
1140 1173 1175 1196 se
1191 1161 1304 1196 liberet
1319 1172 1383 1195 ser-

179 1221 306 1256 vitute?
349 1231 384 1256 tu
407 1231 517 1256 autem
539 1231 622 1256 artes
649 1231 774 1256 nostras
797 1220 913 1256 effectu
936 1222 1041 1266 privas
1066 1230 1097 1255 et
1122 1220 1298 1255 medicinas
1326 1219 1383 1253 ad-

181 1291 295 1314 mones
310 1279 432 1315 nedum
455 1291 522 1315 non
547 1280 653 1321 utiles,
671 1279 728 1315 sed
747 1280 858 1314 inanes
878 1288 973 1325 atque
988 1278 1196 1324 spernendas.
1243 1278 1383 1324 denique

180 1347 353 1384 consurget
374 1339 408 1372 in
431 1347 463 1372 te
485 1347 592 1373 totum
628 1337 707 1373 illud
736 1337 934 1372 auditorium
957 1347 988 1372 et
1012 1341 1147 1383 fqueret:
1179 1349 1222 1372 an
1254 1346 1288 1372 tu
1315 1337 1383 1382 ipse
1409 1341 1624 1393 adesum?-

179 1395 280 1438 solus,
302 1408 377 1432 cum
400 1408 435 1431 se
458 1407 575 1431 omnes
598 1396 639 1431 ad
662 1395 827 1431 libidinem
843 1395 1005 1431 fateantur
1023 1406 1160 1437 amasse,
1175 1404 1298 1430 ceteros
1315 1406 1382 1429 non

180 1454 320 1500 sequaris
343 1464 385 1497 et,
405 1466 480 1489 cum
500 1466 589 1489 arma
607 1453 775 1500 Cupidinis
794 1453 919 1496 induas,
938 1465 994 1489 cur
1009 1453 1049 1488 ad
1073 1453 1185 1495 finem,
1203 1465 1300 1499 quem
1317 1465 1383 1488 car-
1410 1462 1624 1510 ‘xa-wax

181 1512 262 1547 aaliz
283 1514 403 1548 amoris
421 1514 591 1559 occupatio
608 1514 714 1559 querit
728 1524 868 1559 quemve
888 1522 1000 1547 natura
1018 1521 1107 1547 tanta
1123 1524 1197 1547 cum
1218 1512 1383 1557 voluptate
1409 1515 1463 1563 :22
1470 1515 1527 1544 ¹⁸3⁶
1546 1516 1568 1536 ⁴¹¹
1588 1522 1624 1536 ¹·-

181 1571 358 1613 constituit,
371 1582 439 1606 non
459 1571 607 1606 accedis?
651 1583 712 1606 nec
735 1571 796 1606 hec
820 1571 928 1606 solum
947 1570 1078 1612 diceret,
1093 1569 1150 1605 sed
1169 1579 1298 1616 raptum
1315 1582 1382 1604 ma·

181 1628 287 1671 nibus,
309 1629 410 1664 veluti
434 1630 499 1664 vite
521 1629 665 1674 ipsorum
688 1639 721 1664 et
742 1640 872 1664 summe
895 1627 1073 1663 dulcedinis
1092 1627 1328 1669 damnatorem,
1350 1628 1383 1662 in

181 1686 278 1722 frusta
301 1687 488 1733 discerpent.
534 1687 639 1729 tollas,
667 1698 790 1733 precor,
822 1687 882 1722 bos
912 1696 1080 1732 apparatus
1103 1696 1135 1721 et
1159 1686 1254 1729 hanc,
1283 1698 1382 1733 quam
1410 1689 1504 1738 &¹9⁸⁶
1541 1690 1625 1738 dmg-¹

181 1754 217 1780 tu
239 1754 272 1780 et
298 1745 351 1780 alii
372 1757 448 1781 vera
470 1746 676 1781 simulatione
699 1745 897 1791 pretenditis‚
922 1745 1138 1780 honestatem.
1185 1745 1220 1781 Si
1246 1745 1303 1780 tibi
1327 1744 1382 1779 da·
1410 1744 1577 1798 &mm
1586 1744 1625 1792 ἒξ

182 1813 268 1838 retur
289 1804 436 1839 Iohanne
459 1804 561 1850 copia,
576 1805 602 1839 si
619 1805 788 1850 contiguas
811 1804 928 1839 habere
952 1804 1070 1839 domos
1094 1804 1212 1839 vicinia
1231 1804 1383 1850 prestitis·
1409 1798 1624 1852 ffdssessssffiss

181 1871 240 1903 set,
257 1863 284 1896 si
298 1863 331 1896 in
346 1863 395 1897 sui
414 1862 646 1908 penetrabilem
668 1862 756 1898 illam
778 1863 950 1898 scissuram
974 1863 1159 1897 communis
1174 1863 1276 1908 paries
1292 1862 1382 1897 exhi·
1409 1858 1511 1879 '’mm’'

182 1919 272 1955 beret
292 1930 326 1955 et
347 1918 402 1955 illa
422 1930 532 1956 tecum
562 1922 678 1967 pariter
708 1921 873 1963 insaniret,
898 1921 991 1956 crede
1016 1921 1126 1962 michi,
1149 1921 1226 1963 cito,
1250 1932 1318 1956 nou
1342 1920 1382 1955 de

184 1979 411 2014 conveniendo
433 1979 474 2014 ad
497 1978 590 2014 busta
612 1979 702 2020 Nini,
717 1979 802 2014 sicut
821 1979 990 2024 Babylonii
1010 1978 1055 2014 illi
1067 1978 1211 2014 infelices
1225 1988 1383 2020 amantes»,

183 2035 240 2071 sed
263 2036 304 2071 de
327 2036 560 2083 coniungendo
583 2037 715 2072 thorum
729 2046 803 2083 post
826 2036 894 2072 dies
908 2037 1119 2083 paucissimos
1144 2037 1324 2072 statueretis
1335 2038 1382 2071 (⁸).

183 2106 244 2129 nec
265 2104 345 2140 puto
369 2095 459 2140 quod
487 2095 541 2130 illa
569 2094 626 2130 tibi
656 2095 762 2130 credat
784 2095 824 2130 de
847 2095 919 2136 hac,
938 2107 1037 2141 quam
1056 2095 1210 2140 predicas,
1229 2096 1382 2130 castitate.

183 2163 252 2188 non
270 2154 357 2188 enim
380 2153 481 2188 semel
503 2154 536 2188 in
560 2165 660 2196 anno,
678 2153 735 2188 sed
757 2154 881 2189 cunctis
904 2153 991 2188 hon's
1013 2163 1123 2199 posset
1145 2163 1177 2188 te
1199 2154 1269 2188 sine
1293 2163 1383 2188 metu
1409 2174 1432 2193 ο,
1451 2174 1474 2190 ι.
1491 2168 1569 2190 αη-
1586 2169 1624 2190 ι..

183 2210 386 2256 turpitudinis
404 2211 529 2246 intueri,
570 2211 659 2257 quod
670 2213 697 2246 si
712 2212 757 2246 ita
767 2221 827 2253 est,
839 2222 875 2247 ut
886 2212 971 2247 credi
984 2212 1044 2253 vis,
1055 2223 1154 2257 quam
1166 2211 1262 2246 stulte
1272 2223 1383 2256 quam·
1409 2195 1586 2251 fflnssom⁸
1599 2196 1625 2217 '¹¹

179 988 295 1023 deinde
324 988 472 1024 subiciet:
501 1000 658 1035 quorsum
686 988 789 1024 tendit
810 989 882 1023 Ars
915 988 1111 1022 amatoria
1134 996 1255 1028 nostra,
1279 986 1381 1020 tribus
1408 991 1523 1035 :3322
1532 987 1624 1042 ζώω

237 2322 276 2346 ³³·
290 2316 349 2341 cod.
363 2316 448 2341 finem
514 2318 551 2341 ιδ.
565 2317 622 2341 ω.
640 2317 687 2341 uhi
703 2318 766 2346 (sie).

219 2418 263 2454 (ι)
282 2418 371 2447 Ovm.
386 2419 447 2447 Am.
462 2419 497 2452 11,
515 2427 544 2454 x,
558 2419 653 2456 31-38.
804 2419 888 2447 Tisbe
909 2420 942 2447 ed
970 2418 997 2447 nl
1019 2419 1080 2447 loro
1099 2428 1246 2456 convegno
1272 2427 1381 2449 narrato

219 2461 264 2498 (a)
282 2461 380 2491 Auude
395 2462 451 2500 agli
469 2463 557 2491 amori
574 2462 602 2491 di
617 2463 728 2491 Piramo
742 2472 758 2491 e
803 2463 837 2491 da
857 2463 946 2491 Ovm.
967 2462 1026 2491 Mat.
1044 2461 1093 2497 IV,
1108 2462 1204 2499 87-88.
