<?xml version="1.0" encoding="UTF-8"?>
<!DOCTYPE html PUBLIC "-//W3C//DTD XHTML 1.0 Transitional//EN"
    "http://www.w3.org/TR/xhtml1/DTD/xhtml1-transitional.dtd">
<html xmlns="http://www.w3.org/1999/xhtml" xml:lang="en" lang="en">
 <head>
  <title>
</title>
<meta http-equiv="Content-Type" content="text/html;charset=utf-8" />
  <meta name='ocr-system' content='tesseract 3.04.00' />
  <meta name='ocr-capabilities' content='ocr_page ocr_carea ocr_par ocr_line ocrx_word'/>
</head>
<body>
  <div class='ocr_page' id='page_1' title='image "./epistolariodicol17saluuoft_0607.png"; bbox 0 0 1682 2762; ppageno 0'>
   <div class='ocr_carea' id='block_1_1' title="bbox 57 883 98 908">
    <p class='ocr_par' dir='ltr' id='par_1_1' title="bbox 57 883 98 908">
     <span class='ocr_line' id='line_1_1' title="bbox 57 883 98 908; baseline 0.024 -1"><span class='ocrx_word' id='word_1_1' title='bbox 57 883 98 908; x_wconf 80' lang='lat'>10</span> 
     </span>
    </p>
   </div>
   <div class='ocr_carea' id='block_1_2' title="bbox 58 1175 97 1208">
    <p class='ocr_par' dir='ltr' id='par_1_2' title="bbox 58 1175 97 1208">
     <span class='ocr_line' id='line_1_2' title="bbox 58 1175 97 1208; baseline 0 0"><span class='ocrx_word' id='word_1_2' title='bbox 58 1175 97 1208; x_wconf 87' lang='lat'>¹5</span> 
     </span>
    </p>
   </div>
   <div class='ocr_carea' id='block_1_3' title="bbox 56 1754 96 1788">
    <p class='ocr_par' dir='ltr' id='par_1_3' title="bbox 56 1754 96 1788">
     <span class='ocr_line' id='line_1_3' title="bbox 56 1754 96 1788; baseline 0 0"><span class='ocrx_word' id='word_1_3' title='bbox 56 1754 96 1788; x_wconf 84' lang='lat'>25</span> 
     </span>
    </p>
   </div>
   <div class='ocr_carea' id='block_1_4' title="bbox 0 2022 102 2079">
    <p class='ocr_par' dir='ltr' id='par_1_4' title="bbox 0 2022 102 2079">
     <span class='ocr_line' id='line_1_4' title="bbox 0 2022 102 2079; baseline 0 -52"><span class='ocrx_word' id='word_1_4' title='bbox 0 2022 102 2079; x_wconf 64' lang='lat'>,3⁰</span> 
     </span>
    </p>
   </div>
   <div class='ocr_carea' id='block_1_5' title="bbox 402 225 1314 261">
    <p class='ocr_par' dir='ltr' id='par_1_5' title="bbox 402 225 1314 261">
     <span class='ocr_line' id='line_1_5' title="bbox 402 225 1314 261; baseline 0.01 -9"><span class='ocrx_word' id='word_1_5' title='bbox 402 226 450 252; x_wconf 89' lang='lat' dir='ltr'>DI</span> <span class='ocrx_word' id='word_1_6' title='bbox 480 225 741 254; x_wconf 90' lang='lat' dir='ltr'>COLUCCIO</span> <span class='ocrx_word' id='word_1_7' title='bbox 773 226 1044 254; x_wconf 80' lang='lat' dir='ltr'><em>SALUTATI.</em></span> <span class='ocrx_word' id='word_1_8' title='bbox 1253 227 1314 261; x_wconf 82' lang='lat'>593</span> 
     </span>
    </p>
   </div>
   <div class='ocr_carea' id='block_1_6' title="bbox 121 350 1323 2199">
    <p class='ocr_par' dir='ltr' id='par_1_6' title="bbox 121 350 1323 2199">
     <span class='ocr_line' id='line_1_6' title="bbox 122 350 1319 397; baseline 0.001 -12"><span class='ocrx_word' id='word_1_9' title='bbox 122 350 274 396; x_wconf 85' lang='lat' dir='ltr'>penderet</span> <span class='ocrx_word' id='word_1_10' title='bbox 293 351 430 392; x_wconf 82' lang='lat' dir='ltr'>arbitrio,</span> <span class='ocrx_word' id='word_1_11' title='bbox 450 352 660 397; x_wconf 89' lang='lat' dir='ltr'>proculdubio</span> <span class='ocrx_word' id='word_1_12' title='bbox 683 364 798 386; x_wconf 89' lang='lat' dir='ltr'>verum</span> <span class='ocrx_word' id='word_1_13' title='bbox 817 362 899 386; x_wconf 91' lang='lat' dir='ltr'>esset</span> <span class='ocrx_word' id='word_1_14' title='bbox 918 363 1106 397; x_wconf 87' lang='lat' dir='ltr'>semperque</span> <span class='ocrx_word' id='word_1_15' title='bbox 1121 352 1250 396; x_wconf 85' lang='lat' dir='ltr'>qualem</span> <span class='ocrx_word' id='word_1_16' title='bbox 1269 352 1319 386; x_wconf 88' lang='lat' dir='ltr'>in-</span> 
     </span>
     <span class='ocr_line' id='line_1_7' title="bbox 121 409 1319 456; baseline 0 -13"><span class='ocrx_word' id='word_1_17' title='bbox 121 409 265 444; x_wconf 83' lang='lat' dir='ltr'>tenderet</span> <span class='ocrx_word' id='word_1_18' title='bbox 287 420 463 455; x_wconf 86' lang='lat' dir='ltr'>generaret.</span> <span class='ocrx_word' id='word_1_19' title='bbox 522 423 635 445; x_wconf 86' lang='lat' dir='ltr'>verum</span> <span class='ocrx_word' id='word_1_20' title='bbox 658 412 731 456; x_wconf 88' lang='lat' dir='ltr'>quia</span> <span class='ocrx_word' id='word_1_21' title='bbox 751 420 861 445; x_wconf 86' lang='lat' dir='ltr'>natura</span> <span class='ocrx_word' id='word_1_22' title='bbox 881 411 983 455; x_wconf 89' lang='lat' dir='ltr'>prima</span> <span class='ocrx_word' id='word_1_23' title='bbox 1008 421 1101 444; x_wconf 89' lang='lat' dir='ltr'>causa</span> <span class='ocrx_word' id='word_1_24' title='bbox 1125 421 1191 444; x_wconf 90' lang='lat' dir='ltr'>non</span> <span class='ocrx_word' id='word_1_25' title='bbox 1215 418 1264 443; x_wconf 91' lang='lat' dir='ltr'>est</span> <span class='ocrx_word' id='word_1_26' title='bbox 1286 417 1319 443; x_wconf 89' lang='lat' dir='ltr'>et</span> 
     </span>
     <span class='ocr_line' id='line_1_8' title="bbox 122 467 1320 512; baseline 0 -11"><span class='ocrx_word' id='word_1_27' title='bbox 122 478 189 502; x_wconf 88' lang='lat' dir='ltr'>non</span> <span class='ocrx_word' id='word_1_28' title='bbox 212 467 319 502; x_wconf 82' lang='lat' dir='ltr'>solum</span> <span class='ocrx_word' id='word_1_29' title='bbox 343 469 427 510; x_wconf 91' lang='lat' dir='ltr'>Deo,</span> <span class='ocrx_word' id='word_1_30' title='bbox 451 468 507 502; x_wconf 92' lang='lat' dir='ltr'>sed</span> <span class='ocrx_word' id='word_1_31' title='bbox 526 469 641 503; x_wconf 88' lang='lat' dir='ltr'>rationi</span> <span class='ocrx_word' id='word_1_32' title='bbox 660 469 803 503; x_wconf 86' lang='lat' dir='ltr'>subiacet</span> <span class='ocrx_word' id='word_1_33' title='bbox 822 469 973 510; x_wconf 88' lang='lat' dir='ltr'>universi,</span> <span class='ocrx_word' id='word_1_34' title='bbox 993 467 1092 502; x_wconf 85' lang='lat' dir='ltr'><strong>nichil</strong></span> <span class='ocrx_word' id='word_1_35' title='bbox 1109 467 1194 502; x_wconf 90' lang='lat' dir='ltr'>aliud</span> <span class='ocrx_word' id='word_1_36' title='bbox 1213 476 1320 512; x_wconf 90' lang='lat' dir='ltr'>potest</span> 
     </span>
     <span class='ocr_line' id='line_1_9' title="bbox 121 525 1320 572; baseline 0 -13"><span class='ocrx_word' id='word_1_37' title='bbox 121 525 286 559; x_wconf 84' lang='lat' dir='ltr'>intendere</span> <span class='ocrx_word' id='word_1_38' title='bbox 316 538 413 571; x_wconf 88' lang='lat' dir='ltr'>quam</span> <span class='ocrx_word' id='word_1_39' title='bbox 438 527 578 561; x_wconf 87' lang='lat' dir='ltr'>universi</span> <span class='ocrx_word' id='word_1_40' title='bbox 602 527 755 572; x_wconf 86' lang='lat' dir='ltr'>perfectio</span> <span class='ocrx_word' id='word_1_41' title='bbox 778 537 811 561; x_wconf 89' lang='lat' dir='ltr'>et</span> <span class='ocrx_word' id='word_1_42' title='bbox 833 527 1005 561; x_wconf 85' lang='lat' dir='ltr'>necessitas</span> <span class='ocrx_word' id='word_1_43' title='bbox 1036 526 1143 571; x_wconf 85' lang='lat' dir='ltr'>exigat</span> <span class='ocrx_word' id='word_1_44' title='bbox 1170 535 1203 560; x_wconf 89' lang='lat' dir='ltr'>et</span> <span class='ocrx_word' id='word_1_45' title='bbox 1225 537 1320 570; x_wconf 89' lang='lat' dir='ltr'>super</span> 
     </span>
     <span class='ocr_line' id='line_1_10' title="bbox 121 584 1320 631; baseline -0.001 -13"><span class='ocrx_word' id='word_1_46' title='bbox 121 584 234 618; x_wconf 81' lang='lat' dir='ltr'>omnia</span> <span class='ocrx_word' id='word_1_47' title='bbox 257 585 346 618; x_wconf 91' lang='lat' dir='ltr'>Deus</span> <span class='ocrx_word' id='word_1_48' title='bbox 370 585 437 629; x_wconf 88' lang='lat' dir='ltr'>ipse</span> <span class='ocrx_word' id='word_1_49' title='bbox 460 585 619 631; x_wconf 83' lang='lat' dir='ltr'>disponat.</span> <span class='ocrx_word' id='word_1_50' title='bbox 666 594 753 619; x_wconf 86' lang='lat' dir='ltr'>nunc</span> <span class='ocrx_word' id='word_1_51' title='bbox 772 595 890 625; x_wconf 86' lang='lat' dir='ltr'>autem,</span> <span class='ocrx_word' id='word_1_52' title='bbox 912 594 947 619; x_wconf 90' lang='lat' dir='ltr'>ut</span> <span class='ocrx_word' id='word_1_53' title='bbox 970 585 1085 619; x_wconf 89' lang='lat' dir='ltr'>durent</span> <span class='ocrx_word' id='word_1_54' title='bbox 1104 585 1225 629; x_wconf 89' lang='lat' dir='ltr'>species</span> <span class='ocrx_word' id='word_1_55' title='bbox 1253 584 1320 618; x_wconf 89' lang='lat' dir='ltr'>ani·</span> 
     </span>
     <span class='ocr_line' id='line_1_11' title="bbox 121 642 1320 689; baseline -0.001 -12"><span class='ocrx_word' id='word_1_56' title='bbox 121 643 292 683; x_wconf 74' lang='lat' dir='ltr'>maurium,</span> <span class='ocrx_word' id='word_1_57' title='bbox 306 654 369 688; x_wconf 91' lang='lat' dir='ltr'>que</span> <span class='ocrx_word' id='word_1_58' title='bbox 388 654 429 677; x_wconf 89' lang='lat' dir='ltr'>ex</span> <span class='ocrx_word' id='word_1_59' title='bbox 444 644 584 678; x_wconf 86' lang='lat' dir='ltr'>univoca</span> <span class='ocrx_word' id='word_1_60' title='bbox 602 644 810 689; x_wconf 85' lang='lat' dir='ltr'>generatione</span> <span class='ocrx_word' id='word_1_61' title='bbox 830 645 1023 689; x_wconf 88' lang='lat' dir='ltr'>proveniunt</span> <span class='ocrx_word' id='word_1_62' title='bbox 1041 652 1073 677; x_wconf 89' lang='lat' dir='ltr'>et</span> <span class='ocrx_word' id='word_1_63' title='bbox 1089 642 1231 677; x_wconf 88' lang='lat' dir='ltr'>universi</span> <span class='ocrx_word' id='word_1_64' title='bbox 1249 653 1320 687; x_wconf 88' lang='lat' dir='ltr'>per-</span> 
     </span>
     <span class='ocr_line' id='line_1_12' title="bbox 122 699 1319 745; baseline -0.001 -11"><span class='ocrx_word' id='word_1_65' title='bbox 122 699 220 735; x_wconf 82' lang='lat' dir='ltr'>fectio</span> <span class='ocrx_word' id='word_1_66' title='bbox 234 712 301 735; x_wconf 88' lang='lat' dir='ltr'>non</span> <span class='ocrx_word' id='word_1_67' title='bbox 321 701 458 742; x_wconf 84' lang='lat' dir='ltr'>deficiat,</span> <span class='ocrx_word' id='word_1_68' title='bbox 475 702 689 736; x_wconf 86' lang='lat' dir='ltr'>necessarium</span> <span class='ocrx_word' id='word_1_69' title='bbox 708 714 775 736; x_wconf 92' lang='lat' dir='ltr'>non</span> <span class='ocrx_word' id='word_1_70' title='bbox 788 703 896 736; x_wconf 91' lang='lat' dir='ltr'>minus</span> <span class='ocrx_word' id='word_1_71' title='bbox 909 711 957 735; x_wconf 89' lang='lat' dir='ltr'>est</span> <span class='ocrx_word' id='word_1_72' title='bbox 971 701 1128 735; x_wconf 90' lang='lat' dir='ltr'>feminam</span> <span class='ocrx_word' id='word_1_73' title='bbox 1141 711 1210 735; x_wconf 91' lang='lat' dir='ltr'>esse</span> <span class='ocrx_word' id='word_1_74' title='bbox 1220 711 1319 745; x_wconf 92' lang='lat' dir='ltr'>quam</span> 
     </span>
     <span class='ocr_line' id='line_1_13' title="bbox 123 760 1321 805; baseline -0.001 -12"><span class='ocrx_word' id='word_1_75' title='bbox 123 770 258 800; x_wconf 83' lang='lat' dir='ltr'>marem,</span> <span class='ocrx_word' id='word_1_76' title='bbox 281 769 316 794; x_wconf 90' lang='lat' dir='ltr'>ut</span> <span class='ocrx_word' id='word_1_77' title='bbox 339 772 420 805; x_wconf 89' lang='lat' dir='ltr'>eque</span> <span class='ocrx_word' id='word_1_78' title='bbox 445 761 551 805; x_wconf 81' lang='lat' dir='ltr'>primo</span> <span class='ocrx_word' id='word_1_79' title='bbox 575 770 642 794; x_wconf 89' lang='lat' dir='ltr'>tam</span> <span class='ocrx_word' id='word_1_80' title='bbox 665 772 769 795; x_wconf 90' lang='lat' dir='ltr'>unum</span> <span class='ocrx_word' id='word_1_81' title='bbox 787 771 885 805; x_wconf 92' lang='lat' dir='ltr'>quam</span> <span class='ocrx_word' id='word_1_82' title='bbox 906 760 1002 800; x_wconf 88' lang='lat' dir='ltr'>aliud,</span> <span class='ocrx_word' id='word_1_83' title='bbox 1017 760 1096 794; x_wconf 87' lang='lat' dir='ltr'>dum</span> <span class='ocrx_word' id='word_1_84' title='bbox 1115 769 1204 804; x_wconf 91' lang='lat' dir='ltr'>paret</span> <span class='ocrx_word' id='word_1_85' title='bbox 1227 770 1321 803; x_wconf 85' lang='lat' dir='ltr'>supe-</span> 
     </span>
     <span class='ocr_line' id='line_1_14' title="bbox 122 816 1321 863; baseline -0.001 -12"><span class='ocrx_word' id='word_1_86' title='bbox 122 817 257 851; x_wconf 89' lang='lat' dir='ltr'>rioribus</span> <span class='ocrx_word' id='word_1_87' title='bbox 290 818 364 859; x_wconf 89' lang='lat' dir='ltr'>illis,</span> <span class='ocrx_word' id='word_1_88' title='bbox 391 830 453 863; x_wconf 89' lang='lat' dir='ltr'>que</span> <span class='ocrx_word' id='word_1_89' title='bbox 478 828 592 853; x_wconf 90' lang='lat' dir='ltr'>cuncta</span> <span class='ocrx_word' id='word_1_90' title='bbox 615 819 819 859; x_wconf 86' lang='lat' dir='ltr'>necessitant,</span> <span class='ocrx_word' id='word_1_91' title='bbox 842 819 901 853; x_wconf 86' lang='lat' dir='ltr'>ista</span> <span class='ocrx_word' id='word_1_92' title='bbox 924 827 1047 859; x_wconf 91' lang='lat' dir='ltr'>natura,</span> <span class='ocrx_word' id='word_1_93' title='bbox 1071 817 1111 852; x_wconf 91' lang='lat' dir='ltr'>de</span> <span class='ocrx_word' id='word_1_94' title='bbox 1141 829 1205 862; x_wconf 90' lang='lat' dir='ltr'>qua</span> <span class='ocrx_word' id='word_1_95' title='bbox 1228 816 1321 851; x_wconf 91' lang='lat' dir='ltr'>nobis</span> 
     </span>
     <span class='ocr_line' id='line_1_15' title="bbox 123 875 1320 921; baseline -0.001 -11"><span class='ocrx_word' id='word_1_96' title='bbox 123 885 172 910; x_wconf 76' lang='lat' dir='ltr'>est</span> <span class='ocrx_word' id='word_1_97' title='bbox 186 888 305 918; x_wconf 85' lang='lat' dir='ltr'>sermo,</span> <span class='ocrx_word' id='word_1_98' title='bbox 322 877 349 911; x_wconf 90' lang='lat' dir='ltr'>si</span> <span class='ocrx_word' id='word_1_99' title='bbox 367 877 483 912; x_wconf 85' lang='lat' dir='ltr'>rationi</span> <span class='ocrx_word' id='word_1_100' title='bbox 501 877 716 912; x_wconf 87' lang='lat' dir='ltr'>contradicere</span> <span class='ocrx_word' id='word_1_101' title='bbox 736 877 944 918; x_wconf 86' lang='lat' dir='ltr'>noluerimus,</span> <span class='ocrx_word' id='word_1_102' title='bbox 964 877 1095 921; x_wconf 88' lang='lat' dir='ltr'>aspiciat</span> <span class='ocrx_word' id='word_1_103' title='bbox 1114 886 1146 910; x_wconf 90' lang='lat' dir='ltr'>et</span> <span class='ocrx_word' id='word_1_104' title='bbox 1164 875 1320 910; x_wconf 88' lang='lat' dir='ltr'>intendat.</span> 
     </span>
     <span class='ocr_line' id='line_1_16' title="bbox 121 934 1322 980; baseline -0.002 -12"><span class='ocrx_word' id='word_1_105' title='bbox 121 934 245 968; x_wconf 81' lang='lat' dir='ltr'>etenim</span> <span class='ocrx_word' id='word_1_106' title='bbox 263 934 301 975; x_wconf 88' lang='lat' dir='ltr'>si,</span> <span class='ocrx_word' id='word_1_107' title='bbox 325 945 420 979; x_wconf 92' lang='lat' dir='ltr'>prout</span> <span class='ocrx_word' id='word_1_108' title='bbox 436 936 496 976; x_wconf 89' lang='lat' dir='ltr'>vis,</span> <span class='ocrx_word' id='word_1_109' title='bbox 519 945 631 970; x_wconf 88' lang='lat' dir='ltr'>natura</span> <span class='ocrx_word' id='word_1_110' title='bbox 654 936 862 980; x_wconf 88' lang='lat' dir='ltr'>omnipotens</span> <span class='ocrx_word' id='word_1_111' title='bbox 885 943 934 969; x_wconf 88' lang='lat' dir='ltr'>est</span> <span class='ocrx_word' id='word_1_112' title='bbox 949 944 981 968; x_wconf 91' lang='lat' dir='ltr'>et</span> <span class='ocrx_word' id='word_1_113' title='bbox 997 934 1177 968; x_wconf 87' lang='lat' dir='ltr'>masculum</span> <span class='ocrx_word' id='word_1_114' title='bbox 1195 944 1322 978; x_wconf 89' lang='lat' dir='ltr'>semper</span> 
     </span>
     <span class='ocr_line' id='line_1_17' title="bbox 123 992 1320 1039; baseline 0 -13"><span class='ocrx_word' id='word_1_115' title='bbox 123 992 270 1027; x_wconf 87' lang='lat' dir='ltr'>intendat</span> <span class='ocrx_word' id='word_1_116' title='bbox 298 994 454 1038; x_wconf 78' lang='lat' dir='ltr'>quoniam</span> <span class='ocrx_word' id='word_1_117' title='bbox 482 992 650 1038; x_wconf 88' lang='lat' dir='ltr'>perfectius</span> <span class='ocrx_word' id='word_1_118' title='bbox 680 995 732 1036; x_wconf 87' lang='lat' dir='ltr'>sit,</span> <span class='ocrx_word' id='word_1_119' title='bbox 755 995 827 1039; x_wconf 85' lang='lat' dir='ltr'>quis</span> <span class='ocrx_word' id='word_1_120' title='bbox 851 1004 918 1028; x_wconf 87' lang='lat' dir='ltr'>non</span> <span class='ocrx_word' id='word_1_121' title='bbox 941 992 1030 1027; x_wconf 89' lang='lat' dir='ltr'>videt</span> <span class='ocrx_word' id='word_1_122' title='bbox 1058 1004 1130 1026; x_wconf 91' lang='lat' dir='ltr'>eam</span> <span class='ocrx_word' id='word_1_123' title='bbox 1154 1003 1320 1037; x_wconf 88' lang='lat' dir='ltr'>nunquam</span> 
     </span>
     <span class='ocr_line' id='line_1_18' title="bbox 123 1049 1321 1096; baseline -0.001 -12"><span class='ocrx_word' id='word_1_124' title='bbox 123 1061 239 1084; x_wconf 80' lang='lat' dir='ltr'>sexum</span> <span class='ocrx_word' id='word_1_125' title='bbox 261 1049 440 1085; x_wconf 85' lang='lat' dir='ltr'>femineum</span> <span class='ocrx_word' id='word_1_126' title='bbox 463 1050 715 1096; x_wconf 87' lang='lat' dir='ltr'>producturam?</span> <span class='ocrx_word' id='word_1_127' title='bbox 772 1052 820 1085; x_wconf 87' lang='lat' dir='ltr'>siu</span> <span class='ocrx_word' id='word_1_128' title='bbox 845 1061 964 1091; x_wconf 89' lang='lat' dir='ltr'>autem,</span> <span class='ocrx_word' id='word_1_129' title='bbox 988 1059 1024 1084; x_wconf 92' lang='lat' dir='ltr'>ut</span> <span class='ocrx_word' id='word_1_130' title='bbox 1046 1050 1170 1095; x_wconf 86' lang='lat' dir='ltr'>physici</span> <span class='ocrx_word' id='word_1_131' title='bbox 1194 1049 1321 1089; x_wconf 86' lang='lat' dir='ltr'>volunt,</span> 
     </span>
     <span class='ocr_line' id='line_1_19' title="bbox 124 1106 1321 1154; baseline -0.002 -11"><span class='ocrx_word' id='word_1_132' title='bbox 124 1108 333 1154; x_wconf 89' lang='lat' dir='ltr'>multipotens</span> <span class='ocrx_word' id='word_1_133' title='bbox 351 1119 463 1143; x_wconf 82' lang='lat' dir='ltr'>namra</span> <span class='ocrx_word' id='word_1_134' title='bbox 481 1110 522 1144; x_wconf 86' lang='lat' dir='ltr'>sit</span> <span class='ocrx_word' id='word_1_135' title='bbox 533 1119 566 1144; x_wconf 89' lang='lat' dir='ltr'>et</span> <span class='ocrx_word' id='word_1_136' title='bbox 579 1111 761 1144; x_wconf 86' lang='lat' dir='ltr'>necessario</span> <span class='ocrx_word' id='word_1_137' title='bbox 773 1120 901 1154; x_wconf 87' lang='lat' dir='ltr'>semper</span> <span class='ocrx_word' id='word_1_138' title='bbox 916 1118 1000 1154; x_wconf 87' lang='lat' dir='ltr'>agat,</span> <span class='ocrx_word' id='word_1_139' title='bbox 1016 1107 1147 1153; x_wconf 89' lang='lat' dir='ltr'>quando</span> <span class='ocrx_word' id='word_1_140' title='bbox 1166 1106 1321 1152; x_wconf 91' lang='lat' dir='ltr'>producet</span> 
     </span>
     <span class='ocr_line' id='line_1_20' title="bbox 125 1165 1322 1213; baseline -0.002 -12"><span class='ocrx_word' id='word_1_141' title='bbox 125 1166 223 1201; x_wconf 80' lang='lat' dir='ltr'>alium</span> <span class='ocrx_word' id='word_1_142' title='bbox 238 1178 336 1212; x_wconf 86' lang='lat' dir='ltr'>quam</span> <span class='ocrx_word' id='word_1_143' title='bbox 354 1179 469 1202; x_wconf 85' lang='lat' dir='ltr'>sexum</span> <span class='ocrx_word' id='word_1_144' title='bbox 483 1179 580 1213; x_wconf 87' lang='lat' dir='ltr'>quem</span> <span class='ocrx_word' id='word_1_145' title='bbox 596 1167 768 1202; x_wconf 90' lang='lat' dir='ltr'>intenderit</span> <span class='ocrx_word' id='word_1_146' title='bbox 783 1166 1019 1201; x_wconf 81' lang='lat' dir='ltr'>masculinum?</span> <span class='ocrx_word' id='word_1_147' title='bbox 1065 1166 1121 1200; x_wconf 90' lang='lat' dir='ltr'>sed</span> <span class='ocrx_word' id='word_1_148' title='bbox 1137 1165 1241 1200; x_wconf 87' lang='lat' dir='ltr'>dices:</span> <span class='ocrx_word' id='word_1_149' title='bbox 1261 1166 1322 1199; x_wconf 90' lang='lat' dir='ltr'>im-</span> 
     </span>
     <span class='ocr_line' id='line_1_21' title="bbox 125 1220 1323 1272; baseline -0.003 -12"><span class='ocrx_word' id='word_1_150' title='bbox 125 1224 347 1270; x_wconf 88' lang='lat' dir='ltr'>pedimentum</span> <span class='ocrx_word' id='word_1_151' title='bbox 370 1235 477 1271; x_wconf 87' lang='lat' dir='ltr'>potest</span> <span class='ocrx_word' id='word_1_152' title='bbox 499 1237 570 1260; x_wconf 87' lang='lat' dir='ltr'>esse</span> <span class='ocrx_word' id='word_1_153' title='bbox 593 1237 692 1272; x_wconf 88' lang='lat' dir='ltr'>penes</span> <span class='ocrx_word' id='word_1_154' title='bbox 716 1226 882 1260; x_wconf 82' lang='lat' dir='ltr'>materiam</span> <span class='ocrx_word' id='word_1_155' title='bbox 901 1220 958 1259; x_wconf 77' lang='lat' dir='ltr'>&#39;vel</span> <span class='ocrx_word' id='word_1_156' title='bbox 981 1225 1023 1259; x_wconf 92' lang='lat' dir='ltr'>ob</span> <span class='ocrx_word' id='word_1_157' title='bbox 1047 1224 1264 1270; x_wconf 86' lang='lat' dir='ltr'>frigiditatem,</span> <span class='ocrx_word' id='word_1_158' title='bbox 1289 1233 1323 1258; x_wconf 87' lang='lat' dir='ltr'>ut</span> 
     </span>
     <span class='ocr_line' id='line_1_22' title="bbox 126 1282 1323 1330; baseline -0.001 -13"><span class='ocrx_word' id='word_1_159' title='bbox 126 1282 237 1318; x_wconf 86' lang='lat' dir='ltr'>dicunt</span> <span class='ocrx_word' id='word_1_160' title='bbox 255 1283 361 1329; x_wconf 89' lang='lat' dir='ltr'>aliqui,</span> <span class='ocrx_word' id='word_1_161' title='bbox 381 1284 431 1318; x_wconf 89' lang='lat' dir='ltr'>vel</span> <span class='ocrx_word' id='word_1_162' title='bbox 455 1293 585 1330; x_wconf 89' lang='lat' dir='ltr'>propter</span> <span class='ocrx_word' id='word_1_163' title='bbox 606 1284 701 1319; x_wconf 85' lang='lat' dir='ltr'>aliam</span> <span class='ocrx_word' id='word_1_164' title='bbox 724 1284 1003 1329; x_wconf 90' lang='lat' dir='ltr'>indispositionem</span> <span class='ocrx_word' id='word_1_165' title='bbox 1029 1284 1122 1328; x_wconf 86' lang='lat' dir='ltr'>passi,</span> <span class='ocrx_word' id='word_1_166' title='bbox 1146 1282 1235 1328; x_wconf 91' lang='lat' dir='ltr'>quod</span> <span class='ocrx_word' id='word_1_167' title='bbox 1254 1294 1323 1316; x_wconf 89' lang='lat' dir='ltr'>ma·</span> 
     </span>
     <span class='ocr_line' id='line_1_23' title="bbox 124 1340 1323 1388; baseline -0.002 -12"><span class='ocrx_word' id='word_1_168' title='bbox 124 1341 340 1376; x_wconf 82' lang='lat' dir='ltr'>sculinitatem</span> <span class='ocrx_word' id='word_1_169' title='bbox 359 1342 513 1388; x_wconf 87' lang='lat' dir='ltr'>impediat</span> <span class='ocrx_word' id='word_1_170' title='bbox 536 1352 569 1377; x_wconf 89' lang='lat' dir='ltr'>et</span> <span class='ocrx_word' id='word_1_171' title='bbox 587 1343 795 1388; x_wconf 88' lang='lat' dir='ltr'>principalem</span> <span class='ocrx_word' id='word_1_172' title='bbox 814 1343 1031 1376; x_wconf 88' lang='lat' dir='ltr'>intentionem</span> <span class='ocrx_word' id='word_1_173' title='bbox 1051 1342 1119 1375; x_wconf 90' lang='lat' dir='ltr'>eius</span> <span class='ocrx_word' id='word_1_174' title='bbox 1143 1340 1183 1374; x_wconf 88' lang='lat' dir='ltr'>ad</span> <span class='ocrx_word' id='word_1_175' title='bbox 1202 1340 1323 1374; x_wconf 84' lang='lat' dir='ltr'>femine</span> 
     </span>
     <span class='ocr_line' id='line_1_24' title="bbox 124 1397 1322 1446; baseline -0.003 -11"><span class='ocrx_word' id='word_1_176' title='bbox 124 1399 370 1444; x_wconf 77' lang='lat' dir='ltr'>productionem</span> <span class='ocrx_word' id='word_1_177' title='bbox 394 1401 542 1435; x_wconf 88' lang='lat' dir='ltr'>invertat.</span> <span class='ocrx_word' id='word_1_178' title='bbox 612 1410 716 1446; x_wconf 85' lang='lat' dir='ltr'>preter</span> <span class='ocrx_word' id='word_1_179' title='bbox 747 1409 895 1434; x_wconf 86' lang='lat' dir='ltr'>naturam</span> <span class='ocrx_word' id='word_1_180' title='bbox 926 1400 1071 1434; x_wconf 72' lang='lat' dir='ltr'>nascitur*</span> <span class='ocrx_word' id='word_1_181' title='bbox 1089 1410 1168 1444; x_wconf 89' lang='lat' dir='ltr'>ergo</span> <span class='ocrx_word' id='word_1_182' title='bbox 1191 1397 1322 1439; x_wconf 88' lang='lat' dir='ltr'>femina,</span> 
     </span>
     <span class='ocr_line' id='line_1_25' title="bbox 124 1457 1323 1504; baseline -0.001 -13"><span class='ocrx_word' id='word_1_183' title='bbox 124 1457 193 1491; x_wconf 84' lang='lat' dir='ltr'>sine</span> <span class='ocrx_word' id='word_1_184' title='bbox 214 1469 278 1503; x_wconf 83' lang='lat' dir='ltr'>qua</span> <span class='ocrx_word' id='word_1_185' title='bbox 300 1467 414 1492; x_wconf 89' lang='lat' dir='ltr'>natura</span> <span class='ocrx_word' id='word_1_186' title='bbox 437 1469 504 1493; x_wconf 88' lang='lat' dir='ltr'>non</span> <span class='ocrx_word' id='word_1_187' title='bbox 524 1468 628 1504; x_wconf 82' lang='lat' dir='ltr'>potest</span> <span class='ocrx_word' id='word_1_188' title='bbox 649 1458 828 1493; x_wconf 86' lang='lat' dir='ltr'>mascuium</span> <span class='ocrx_word' id='word_1_189' title='bbox 846 1458 1024 1503; x_wconf 87' lang='lat' dir='ltr'>generare?</span> <span class='ocrx_word' id='word_1_190' title='bbox 1069 1468 1133 1502; x_wconf 91' lang='lat' dir='ltr'>que</span> <span class='ocrx_word' id='word_1_191' title='bbox 1149 1457 1175 1490; x_wconf 91' lang='lat' dir='ltr'>si</span> <span class='ocrx_word' id='word_1_192' title='bbox 1196 1467 1323 1491; x_wconf 88' lang='lat' dir='ltr'>mascu-</span> 
     </span>
     <span class='ocr_line' id='line_1_26' title="bbox 123 1514 1322 1560; baseline -0.002 -10"><span class='ocrx_word' id='word_1_193' title='bbox 123 1514 194 1550; x_wconf 86' lang='lat' dir='ltr'>lum</span> <span class='ocrx_word' id='word_1_194' title='bbox 218 1516 373 1557; x_wconf 89' lang='lat' dir='ltr'>intendat,</span> <span class='ocrx_word' id='word_1_195' title='bbox 396 1526 431 1551; x_wconf 89' lang='lat' dir='ltr'>ut</span> <span class='ocrx_word' id='word_1_196' title='bbox 454 1516 577 1558; x_wconf 84' lang='lat' dir='ltr'>dicunt,</span> <span class='ocrx_word' id='word_1_197' title='bbox 600 1518 816 1551; x_wconf 87' lang='lat' dir='ltr'>necessarium</span> <span class='ocrx_word' id='word_1_198' title='bbox 840 1516 935 1550; x_wconf 85' lang='lat' dir='ltr'>habet</span> <span class='ocrx_word' id='word_1_199' title='bbox 963 1516 1003 1550; x_wconf 92' lang='lat' dir='ltr'>de</span> <span class='ocrx_word' id='word_1_200' title='bbox 1026 1515 1147 1556; x_wconf 72' lang='lat' dir='ltr'>femina</span> <span class='ocrx_word' id='word_1_201' title='bbox 1181 1515 1322 1560; x_wconf 86' lang='lat' dir='ltr'>cogitare</span> 
     </span>
     <span class='ocr_line' id='line_1_27' title="bbox 124 1573 1323 1620; baseline -0.002 -12"><span class='ocrx_word' id='word_1_202' title='bbox 124 1573 176 1608; x_wconf 82' lang='lat' dir='ltr'>vel</span> <span class='ocrx_word' id='word_1_203' title='bbox 199 1575 336 1609; x_wconf 89' lang='lat' dir='ltr'>omnino</span> <span class='ocrx_word' id='word_1_204' title='bbox 355 1586 477 1609; x_wconf 88' lang='lat' dir='ltr'>vanum</span> <span class='ocrx_word' id='word_1_205' title='bbox 500 1576 541 1609; x_wconf 90' lang='lat' dir='ltr'>sit</span> <span class='ocrx_word' id='word_1_206' title='bbox 558 1585 590 1609; x_wconf 93' lang='lat' dir='ltr'>et</span> <span class='ocrx_word' id='word_1_207' title='bbox 612 1574 703 1610; x_wconf 89' lang='lat' dir='ltr'>futile</span> <span class='ocrx_word' id='word_1_208' title='bbox 726 1575 815 1620; x_wconf 88' lang='lat' dir='ltr'>quod</span> <span class='ocrx_word' id='word_1_209' title='bbox 838 1574 984 1609; x_wconf 83' lang='lat' dir='ltr'>intendit.</span> <span class='ocrx_word' id='word_1_210' title='bbox 1031 1583 1063 1608; x_wconf 87' lang='lat' dir='ltr'>et</span> <span class='ocrx_word' id='word_1_211' title='bbox 1081 1574 1152 1618; x_wconf 89' lang='lat' dir='ltr'>quis</span> <span class='ocrx_word' id='word_1_212' title='bbox 1172 1573 1323 1618; x_wconf 87' lang='lat' dir='ltr'>physico-</span> 
     </span>
     <span class='ocr_line' id='line_1_28' title="bbox 125 1631 1321 1677; baseline -0.001 -12"><span class='ocrx_word' id='word_1_213' title='bbox 125 1642 198 1665; x_wconf 84' lang='lat' dir='ltr'>rum</span> <span class='ocrx_word' id='word_1_214' title='bbox 228 1631 358 1666; x_wconf 89' lang='lat' dir='ltr'>audebit</span> <span class='ocrx_word' id='word_1_215' title='bbox 391 1632 599 1674; x_wconf 87' lang='lat' dir='ltr'>contendere,</span> <span class='ocrx_word' id='word_1_216' title='bbox 627 1644 703 1667; x_wconf 90' lang='lat' dir='ltr'>cum</span> <span class='ocrx_word' id='word_1_217' title='bbox 726 1642 838 1667; x_wconf 87' lang='lat' dir='ltr'>natura</span> <span class='ocrx_word' id='word_1_218' title='bbox 862 1643 920 1677; x_wconf 88' lang='lat' dir='ltr'>pro</span> <span class='ocrx_word' id='word_1_219' title='bbox 939 1632 1055 1677; x_wconf 90' lang='lat' dir='ltr'>speciei</span> <span class='ocrx_word' id='word_1_220' title='bbox 1076 1631 1321 1665; x_wconf 83' lang='lat' dir='ltr'>conservatione</span> 
     </span>
     <span class='ocr_line' id='line_1_29' title="bbox 125 1689 1322 1736; baseline -0.001 -12"><span class='ocrx_word' id='word_1_221' title='bbox 125 1700 258 1734; x_wconf 83' lang='lat' dir='ltr'>generet</span> <span class='ocrx_word' id='word_1_222' title='bbox 275 1690 479 1725; x_wconf 86' lang='lat' dir='ltr'>individuum</span> <span class='ocrx_word' id='word_1_223' title='bbox 495 1701 526 1725; x_wconf 85' lang='lat' dir='ltr'>et</span> <span class='ocrx_word' id='word_1_224' title='bbox 544 1702 640 1726; x_wconf 87' lang='lat' dir='ltr'>sexus</span> <span class='ocrx_word' id='word_1_225' title='bbox 659 1703 726 1726; x_wconf 92' lang='lat' dir='ltr'>non</span> <span class='ocrx_word' id='word_1_226' title='bbox 746 1691 847 1725; x_wconf 89' lang='lat' dir='ltr'>variet</span> <span class='ocrx_word' id='word_1_227' title='bbox 861 1691 1010 1736; x_wconf 86' lang='lat' dir='ltr'>speciem,</span> <span class='ocrx_word' id='word_1_228' title='bbox 1029 1689 1117 1735; x_wconf 91' lang='lat' dir='ltr'>quod</span> <span class='ocrx_word' id='word_1_229' title='bbox 1138 1690 1206 1735; x_wconf 85' lang='lat' dir='ltr'>ipsa</span> <span class='ocrx_word' id='word_1_230' title='bbox 1223 1689 1322 1723; x_wconf 89' lang='lat' dir='ltr'>libere</span> 
     </span>
     <span class='ocr_line' id='line_1_30' title="bbox 126 1748 1321 1793; baseline -0.001 -11"><span class='ocrx_word' id='word_1_231' title='bbox 126 1758 195 1782; x_wconf 89' lang='lat' dir='ltr'>non</span> <span class='ocrx_word' id='word_1_232' title='bbox 208 1748 352 1783; x_wconf 85' lang='lat' dir='ltr'>intendat</span> <span class='ocrx_word' id='word_1_233' title='bbox 363 1761 478 1783; x_wconf 89' lang='lat' dir='ltr'>omnes</span> <span class='ocrx_word' id='word_1_234' title='bbox 493 1749 704 1784; x_wconf 87' lang='lat' dir='ltr'>individuales</span> <span class='ocrx_word' id='word_1_235' title='bbox 723 1748 925 1790; x_wconf 83' lang='lat' dir='ltr'>differentias,</span> <span class='ocrx_word' id='word_1_236' title='bbox 942 1758 977 1783; x_wconf 92' lang='lat' dir='ltr'>ut</span> <span class='ocrx_word' id='word_1_237' title='bbox 991 1758 1147 1793; x_wconf 81' lang='lat' dir='ltr'>magnum</span> <span class='ocrx_word' id='word_1_238' title='bbox 1161 1757 1193 1782; x_wconf 92' lang='lat' dir='ltr'>et</span> <span class='ocrx_word' id='word_1_239' title='bbox 1208 1758 1321 1792; x_wconf 89' lang='lat' dir='ltr'>parum</span> 
     </span>
     <span class='ocr_line' id='line_1_31' title="bbox 125 1804 1323 1850; baseline -0.001 -11"><span class='ocrx_word' id='word_1_240' title='bbox 125 1813 160 1839; x_wconf 91' lang='lat' dir='ltr'>et</span> <span class='ocrx_word' id='word_1_241' title='bbox 182 1805 360 1840; x_wconf 75' lang='lat' dir='ltr'>masculum</span> <span class='ocrx_word' id='word_1_242' title='bbox 381 1816 413 1840; x_wconf 87' lang='lat' dir='ltr'>et</span> <span class='ocrx_word' id='word_1_243' title='bbox 436 1807 591 1841; x_wconf 84' lang='lat' dir='ltr'>feminam</span> <span class='ocrx_word' id='word_1_244' title='bbox 614 1817 647 1841; x_wconf 88' lang='lat' dir='ltr'>et</span> <span class='ocrx_word' id='word_1_245' title='bbox 670 1807 732 1841; x_wconf 86' lang='lat' dir='ltr'>hoc</span> <span class='ocrx_word' id='word_1_246' title='bbox 755 1807 807 1840; x_wconf 85' lang='lat' dir='ltr'>vei</span> <span class='ocrx_word' id='word_1_247' title='bbox 830 1806 921 1847; x_wconf 89' lang='lat' dir='ltr'>illud,</span> <span class='ocrx_word' id='word_1_248' title='bbox 943 1805 1122 1840; x_wconf 90' lang='lat' dir='ltr'>secundum</span> <span class='ocrx_word' id='word_1_249' title='bbox 1141 1804 1230 1850; x_wconf 91' lang='lat' dir='ltr'>quod</span> <span class='ocrx_word' id='word_1_250' title='bbox 1254 1805 1323 1850; x_wconf 88' lang='lat' dir='ltr'>ipsa</span> 
     </span>
     <span class='ocr_line' id='line_1_32' title="bbox 126 1863 1322 1910; baseline -0.001 -12"><span class='ocrx_word' id='word_1_251' title='bbox 126 1873 271 1908; x_wconf 84' lang='lat' dir='ltr'>preparat</span> <span class='ocrx_word' id='word_1_252' title='bbox 291 1864 351 1899; x_wconf 83' lang='lat' dir='ltr'>sibi</span> <span class='ocrx_word' id='word_1_253' title='bbox 378 1866 545 1900; x_wconf 89' lang='lat' dir='ltr'>materiam</span> <span class='ocrx_word' id='word_1_254' title='bbox 569 1875 602 1900; x_wconf 88' lang='lat' dir='ltr'>et</span> <span class='ocrx_word' id='word_1_255' title='bbox 620 1865 784 1910; x_wconf 87' lang='lat' dir='ltr'>disponit?</span> <span class='ocrx_word' id='word_1_256' title='bbox 829 1877 889 1899; x_wconf 88' lang='lat' dir='ltr'>nec</span> <span class='ocrx_word' id='word_1_257' title='bbox 912 1864 998 1899; x_wconf 89' lang='lat' dir='ltr'>dicas</span> <span class='ocrx_word' id='word_1_258' title='bbox 1021 1863 1110 1909; x_wconf 91' lang='lat' dir='ltr'>quod</span> <span class='ocrx_word' id='word_1_259' title='bbox 1138 1863 1257 1898; x_wconf 85' lang='lat' dir='ltr'>femina</span> <span class='ocrx_word' id='word_1_260' title='bbox 1282 1863 1322 1897; x_wconf 90' lang='lat' dir='ltr'>de</span> 
     </span>
     <span class='ocr_line' id='line_1_33' title="bbox 126 1921 1322 1969; baseline 0 -14"><span class='ocrx_word' id='word_1_261' title='bbox 126 1921 234 1956; x_wconf 85' lang='lat' dir='ltr'>minus</span> <span class='ocrx_word' id='word_1_262' title='bbox 260 1921 378 1957; x_wconf 87' lang='lat' dir='ltr'>idonea</span> <span class='ocrx_word' id='word_1_263' title='bbox 401 1923 534 1958; x_wconf 86' lang='lat' dir='ltr'>materia</span> <span class='ocrx_word' id='word_1_264' title='bbox 551 1935 651 1969; x_wconf 90' lang='lat' dir='ltr'>quam</span> <span class='ocrx_word' id='word_1_265' title='bbox 674 1923 836 1957; x_wconf 88' lang='lat' dir='ltr'>masculus</span> <span class='ocrx_word' id='word_1_266' title='bbox 860 1932 1039 1968; x_wconf 83' lang='lat' dir='ltr'>generetur.</span> <span class='ocrx_word' id='word_1_267' title='bbox 1109 1922 1204 1956; x_wconf 86' lang='lat' dir='ltr'>habet</span> <span class='ocrx_word' id='word_1_268' title='bbox 1234 1922 1322 1956; x_wconf 89' lang='lat' dir='ltr'>enim</span> 
     </span>
     <span class='ocr_line' id='line_1_34' title="bbox 127 1979 1322 2026; baseline 0 -13"><span class='ocrx_word' id='word_1_269' title='bbox 127 1979 236 2014; x_wconf 82' lang='lat' dir='ltr'>omnis</span> <span class='ocrx_word' id='word_1_270' title='bbox 259 1982 391 2015; x_wconf 86' lang='lat' dir='ltr'>materia</span> <span class='ocrx_word' id='word_1_271' title='bbox 416 1981 623 2026; x_wconf 71' lang='lat' dir='ltr'>proprietates</span> <span class='ocrx_word' id='word_1_272' title='bbox 646 1991 679 2016; x_wconf 87' lang='lat' dir='ltr'>et</span> <span class='ocrx_word' id='word_1_273' title='bbox 706 1980 916 2026; x_wconf 88' lang='lat' dir='ltr'>perfectiones</span> <span class='ocrx_word' id='word_1_274' title='bbox 934 1992 1018 2021; x_wconf 88' lang='lat' dir='ltr'>suas,</span> <span class='ocrx_word' id='word_1_275' title='bbox 1045 1991 1105 2014; x_wconf 92' lang='lat' dir='ltr'>nec</span> <span class='ocrx_word' id='word_1_276' title='bbox 1128 1991 1191 2025; x_wconf 89' lang='lat' dir='ltr'>que</span> <span class='ocrx_word' id='word_1_277' title='bbox 1212 1989 1322 2024; x_wconf 85' lang='lat' dir='ltr'>parata</span> 
     </span>
     <span class='ocr_line' id='line_1_35' title="bbox 126 2035 1323 2084; baseline -0.001 -13"><span class='ocrx_word' id='word_1_278' title='bbox 126 2035 220 2072; x_wconf 83' lang='lat' dir='ltr'>fuerit</span> <span class='ocrx_word' id='word_1_279' title='bbox 242 2037 282 2072; x_wconf 80' lang='lat' dir='ltr'>ad</span> <span class='ocrx_word' id='word_1_280' title='bbox 310 2038 490 2073; x_wconf 85' lang='lat' dir='ltr'>masculum</span> <span class='ocrx_word' id='word_1_281' title='bbox 512 2049 621 2084; x_wconf 81' lang='lat' dir='ltr'>posset</span> <span class='ocrx_word' id='word_1_282' title='bbox 643 2039 819 2084; x_wconf 86' lang='lat' dir='ltr'>producere</span> <span class='ocrx_word' id='word_1_283' title='bbox 842 2037 996 2072; x_wconf 86' lang='lat' dir='ltr'>feminam</span> <span class='ocrx_word' id='word_1_284' title='bbox 1020 2049 1079 2071; x_wconf 90' lang='lat' dir='ltr'>nec</span> <span class='ocrx_word' id='word_1_285' title='bbox 1103 2049 1165 2081; x_wconf 90' lang='lat' dir='ltr'>que</span> <span class='ocrx_word' id='word_1_286' title='bbox 1188 2048 1247 2081; x_wconf 92' lang='lat' dir='ltr'>pro</span> <span class='ocrx_word' id='word_1_287' title='bbox 1276 2036 1323 2070; x_wconf 88' lang='lat' dir='ltr'>fe-</span> 
     </span>
     <span class='ocr_line' id='line_1_36' title="bbox 128 2097 1323 2144; baseline -0.001 -13"><span class='ocrx_word' id='word_1_288' title='bbox 128 2097 216 2132; x_wconf 88' lang='lat' dir='ltr'>mina</span> <span class='ocrx_word' id='word_1_289' title='bbox 233 2097 461 2143; x_wconf 82' lang='lat' dir='ltr'>perfectionem</span> <span class='ocrx_word' id='word_1_290' title='bbox 488 2100 695 2144; x_wconf 87' lang='lat' dir='ltr'>assumpserit</span> <span class='ocrx_word' id='word_1_291' title='bbox 713 2098 835 2144; x_wconf 86' lang='lat' dir='ltr'>ingredi</span> <span class='ocrx_word' id='word_1_292' title='bbox 850 2107 956 2142; x_wconf 87' lang='lat' dir='ltr'>potest</span> <span class='ocrx_word' id='word_1_293' title='bbox 974 2097 1107 2131; x_wconf 88' lang='lat' dir='ltr'>masculi</span> <span class='ocrx_word' id='word_1_294' title='bbox 1124 2097 1323 2141; x_wconf 87' lang='lat' dir='ltr'>genituram.</span> 
     </span>
     <span class='ocr_line' id='line_1_37' title="bbox 127 2153 1323 2199; baseline -0.002 -11"><span class='ocrx_word' id='word_1_295' title='bbox 127 2153 217 2199; x_wconf 88' lang='lat' dir='ltr'>quod</span> <span class='ocrx_word' id='word_1_296' title='bbox 234 2156 271 2197; x_wconf 82' lang='lat' dir='ltr'>si,</span> <span class='ocrx_word' id='word_1_297' title='bbox 294 2165 330 2189; x_wconf 92' lang='lat' dir='ltr'>ut</span> <span class='ocrx_word' id='word_1_298' title='bbox 354 2156 446 2190; x_wconf 89' lang='lat' dir='ltr'>Plato</span> <span class='ocrx_word' id='word_1_299' title='bbox 466 2156 578 2198; x_wconf 87' lang='lat' dir='ltr'>voluit,</span> <span class='ocrx_word' id='word_1_300' title='bbox 600 2156 704 2191; x_wconf 89' lang='lat' dir='ltr'>forme</span> <span class='ocrx_word' id='word_1_301' title='bbox 727 2166 801 2190; x_wconf 89' lang='lat' dir='ltr'>sunt</span> <span class='ocrx_word' id='word_1_302' title='bbox 825 2164 931 2189; x_wconf 87' lang='lat' dir='ltr'>rerum</span> <span class='ocrx_word' id='word_1_303' title='bbox 954 2155 1114 2194; x_wconf 89' lang='lat' dir='ltr'>omnium,</span> <span class='ocrx_word' id='word_1_304' title='bbox 1131 2164 1210 2198; x_wconf 90' lang='lat' dir='ltr'>quas</span> <span class='ocrx_word' id='word_1_305' title='bbox 1235 2153 1323 2186; x_wconf 89' lang='lat' dir='ltr'>ideas</span> 
     </span>
    </p>
   </div>
   <div class='ocr_carea' id='block_1_7' title="bbox 126 2282 1325 2435">
    <p class='ocr_par' dir='ltr' id='par_1_7' title="bbox 126 2282 1325 2435">
     <span class='ocr_line' id='line_1_38' title="bbox 183 2282 1325 2316; baseline -0.004 -8"><span class='ocrx_word' id='word_1_306' title='bbox 183 2289 205 2314; x_wconf 74' lang='lat'>3.</span> <span class='ocrx_word' id='word_1_307' title='bbox 218 2282 274 2307; x_wconf 72' lang='lat' dir='ltr'>AP&#39;</span> <span class='ocrx_word' id='word_1_308' title='bbox 288 2285 403 2308; x_wconf 74' lang='grc' dir='ltr'>ιιὼίιαιῑ</span> <span class='ocrx_word' id='word_1_309' title='bbox 457 2286 577 2316; x_wconf 75' lang='lat' dir='ltr'>4.Adopo</span> <span class='ocrx_word' id='word_1_310' title='bbox 591 2291 678 2309; x_wconf 65' lang='lat' dir='ltr'>neem.</span> <span class='ocrx_word' id='word_1_311' title='bbox 693 2286 723 2308; x_wconf 69' lang='lat' dir='ltr'>dd</span> <span class='ocrx_word' id='word_1_312' title='bbox 737 2292 765 2314; x_wconf 74' lang='lat' dir='ltr'>eg</span> <span class='ocrx_word' id='word_1_313' title='bbox 778 2285 919 2308; x_wconf 75' lang='lat' dir='ltr'>cancellato.</span> <span class='ocrx_word' id='word_1_314' title='bbox 973 2283 993 2307; x_wconf 82' lang='lat'>6.</span> <span class='ocrx_word' id='word_1_315' title='bbox 1006 2283 1025 2305; x_wconf 92' lang='lat' dir='ltr'><em>A</em></span> <span class='ocrx_word' id='word_1_316' title='bbox 1039 2283 1100 2312; x_wconf 76' lang='lat' dir='ltr'>dopo</span> <span class='ocrx_word' id='word_1_317' title='bbox 1113 2286 1136 2305; x_wconf 80' lang='lat' dir='ltr'>et</span> <span class='ocrx_word' id='word_1_318' title='bbox 1149 2282 1181 2304; x_wconf 73' lang='lat' dir='ltr'>dd</span> <span class='ocrx_word' id='word_1_319' title='bbox 1196 2289 1228 2305; x_wconf 73' lang='lat' dir='ltr'>un</span> <span class='ocrx_word' id='word_1_320' title='bbox 1243 2289 1256 2304; x_wconf 87' lang='lat' dir='ltr'>c</span> <span class='ocrx_word' id='word_1_321' title='bbox 1270 2288 1325 2304; x_wconf 72' lang='lat' dir='ltr'>can-</span> 
     </span>
     <span class='ocr_line' id='line_1_39' title="bbox 128 2322 1325 2354; baseline -0.004 -5"><span class='ocrx_word' id='word_1_322' title='bbox 128 2323 219 2348; x_wconf 69' lang='lat' dir='ltr'>tellsso.</span> <span class='ocrx_word' id='word_1_323' title='bbox 279 2325 324 2354; x_wconf 79' lang='grc'><strong>6-7.</strong></span> <span class='ocrx_word' id='word_1_324' title='bbox 338 2326 356 2348; x_wconf 99' lang='lat' dir='ltr'><em>A</em></span> <span class='ocrx_word' id='word_1_325' title='bbox 370 2325 472 2354; x_wconf 72' lang='lat' dir='ltr'>perfeetii</span> <span class='ocrx_word' id='word_1_326' title='bbox 529 2333 565 2349; x_wconf 87' lang='grc' dir='ltr'>ιο.</span> <span class='ocrx_word' id='word_1_327' title='bbox 578 2327 597 2349; x_wconf 88' lang='lat' dir='ltr'><em>A</em></span> <span class='ocrx_word' id='word_1_328' title='bbox 611 2326 750 2349; x_wconf 67' lang='lat' dir='ltr'>voluerimus</span> <span class='ocrx_word' id='word_1_329' title='bbox 803 2332 840 2348; x_wconf 80' lang='lat' dir='ltr'>ao.</span> <span class='ocrx_word' id='word_1_330' title='bbox 856 2325 875 2347; x_wconf 94' lang='lat' dir='ltr'><em>A</em></span> <span class='ocrx_word' id='word_1_331' title='bbox 889 2324 908 2347; x_wconf 74' lang='lat' dir='ltr'>ni</span> <span class='ocrx_word' id='word_1_332' title='bbox 923 2330 996 2354; x_wconf 76' lang='lat' dir='ltr'>nequa</span> <span class='ocrx_word' id='word_1_333' title='bbox 1013 2323 1068 2351; x_wconf 68' lang='lat' dir='ltr'>(etc)</span> <span class='ocrx_word' id='word_1_334' title='bbox 1123 2329 1159 2352; x_wconf 71' lang='lat'>25,</span> <span class='ocrx_word' id='word_1_335' title='bbox 1170 2322 1189 2345; x_wconf 91' lang='lat' dir='ltr'><em>A</em></span> <span class='ocrx_word' id='word_1_336' title='bbox 1200 2322 1295 2345; x_wconf 75' lang='lat' dir='ltr'>intendit</span> <span class='ocrx_word' id='word_1_337' title='bbox 1311 2328 1325 2345; x_wconf 82' lang='lat' dir='ltr'>e</span> 
     </span>
     <span class='ocr_line' id='line_1_40' title="bbox 126 2362 1325 2396; baseline -0.003 -7"><span class='ocrx_word' id='word_1_338' title='bbox 126 2370 171 2393; x_wconf 70' lang='lat' dir='ltr'>per</span> <span class='ocrx_word' id='word_1_339' title='bbox 184 2369 209 2388; x_wconf 72' lang='lat' dir='ltr'>ut</span> <span class='ocrx_word' id='word_1_340' title='bbox 221 2365 253 2388; x_wconf 71' lang='lat' dir='ltr'>dd</span> <span class='ocrx_word' id='word_1_341' title='bbox 266 2369 289 2388; x_wconf 76' lang='lat' dir='ltr'>et</span> <span class='ocrx_word' id='word_1_342' title='bbox 301 2371 316 2388; x_wconf 87' lang='lat' dir='ltr'>e</span> <span class='ocrx_word' id='word_1_343' title='bbox 329 2367 447 2395; x_wconf 67' lang='lat' dir='ltr'>parvulum</span> <span class='ocrx_word' id='word_1_344' title='bbox 501 2366 681 2396; x_wconf 60' lang='grc' dir='ltr'><strong>,6.Ιρω1ΑἰΙΙι</strong></span> <span class='ocrx_word' id='word_1_345' title='bbox 737 2366 774 2389; x_wconf 77' lang='lat'>28.</span> <span class='ocrx_word' id='word_1_346' title='bbox 784 2366 802 2388; x_wconf 84' lang='lat' dir='ltr'><em>A</em></span> <span class='ocrx_word' id='word_1_347' title='bbox 816 2368 904 2388; x_wconf 69' lang='lat' dir='ltr'>oaene</span> <span class='ocrx_word' id='word_1_348' title='bbox 919 2364 1001 2387; x_wconf 76' lang='lat' dir='ltr'>idonea</span> <span class='ocrx_word' id='word_1_349' title='bbox 1056 2369 1091 2393; x_wconf 82' lang='lat'>3¹-</span> <span class='ocrx_word' id='word_1_350' title='bbox 1102 2363 1120 2386; x_wconf 91' lang='lat' dir='ltr'><em>A</em></span> <span class='ocrx_word' id='word_1_351' title='bbox 1131 2362 1275 2391; x_wconf 67' lang='lat' dir='ltr'>murnum,</span> <span class='ocrx_word' id='word_1_352' title='bbox 1286 2369 1325 2385; x_wconf 75' lang='grc' dir='ltr'>πω</span> 
     </span>
     <span class='ocr_line' id='line_1_41' title="bbox 130 2403 714 2435; baseline 0.005 -7"><span class='ocrx_word' id='word_1_353' title='bbox 130 2405 172 2434; x_wconf 72' lang='lat' dir='ltr'>up</span> <span class='ocrx_word' id='word_1_354' title='bbox 185 2406 307 2435; x_wconf 60' lang='lat' dir='ltr'>acea-uo</span> <span class='ocrx_word' id='word_1_355' title='bbox 324 2407 349 2429; x_wconf 70' lang='grc' dir='ltr'>ιι</span> <span class='ocrx_word' id='word_1_356' title='bbox 364 2407 499 2430; x_wconf 68' lang='lat' dir='ltr'>merum.</span> <span class='ocrx_word' id='word_1_357' title='bbox 711 2403 714 2406; x_wconf 84' lang='grc'><strong>’</strong></span> 
     </span>
    </p>
   </div>
   <div class='ocr_carea' id='block_1_8' title="bbox 236 2457 1232 2498">
    <p class='ocr_par' dir='ltr' id='par_1_8' title="bbox 236 2457 1232 2498">
     <span class='ocr_line' id='line_1_42' title="bbox 236 2457 1232 2498; baseline 0.001 -6"><span class='ocrx_word' id='word_1_358' title='bbox 236 2467 346 2492; x_wconf 58' lang='lat' dir='ltr'>com</span> <span class='ocrx_word' id='word_1_359' title='bbox 359 2469 474 2498; x_wconf 66' lang='grc' dir='ltr'>εει-κα,</span> <span class='ocrx_word' id='word_1_360' title='bbox 488 2469 530 2493; x_wconf 89' lang='lat' dir='ltr'>m.</span> <span class='ocrx_word' id='word_1_361' title='bbox 1200 2457 1232 2493; x_wconf 83' lang='lat'>38</span> 
     </span>
    </p>
   </div>
   <div class='ocr_carea' id='block_1_9' title="bbox 1345 351 1562 806">
    <p class='ocr_par' dir='ltr' id='par_1_9' title="bbox 1345 351 1559 430">
     <span class='ocr_line' id='line_1_43' title="bbox 1345 351 1559 383; baseline 0 -7"><span class='ocrx_word' id='word_1_362' title='bbox 1345 355 1374 380; x_wconf 82' lang='lat' dir='ltr'>ie,</span> <span class='ocrx_word' id='word_1_363' title='bbox 1416 351 1559 383; x_wconf 69' lang='lat' dir='ltr'>omnipotente,</span> 
     </span>
     <span class='ocr_line' id='line_1_44' title="bbox 1346 382 1559 410; baseline 0 -7"><span class='ocrx_word' id='word_1_364' title='bbox 1346 382 1472 403; x_wconf 74' lang='lat' dir='ltr'>riudrebbe</span> <span class='ocrx_word' id='word_1_365' title='bbox 1479 389 1559 410; x_wconf 73' lang='lat' dir='ltr'>sempre</span> 
     </span>
     <span class='ocr_line' id='line_1_45' title="bbox 1346 409 1557 430; baseline 0.005 -1"><span class='ocrx_word' id='word_1_366' title='bbox 1346 409 1396 430; x_wconf 81' lang='lat' dir='ltr'>nell&#39;</span> <span class='ocrx_word' id='word_1_367' title='bbox 1407 410 1489 430; x_wconf 78' lang='lat' dir='ltr'>intento</span> <span class='ocrx_word' id='word_1_368' title='bbox 1511 416 1557 430; x_wconf 78' lang='lat' dir='ltr'>mo.</span> 
     </span>
    </p>

    <p class='ocr_par' dir='ltr' id='par_1_10' title="bbox 1347 436 1561 592">
     <span class='ocr_line' id='line_1_46' title="bbox 1373 436 1560 456; baseline 0 0"><span class='ocrx_word' id='word_1_369' title='bbox 1373 436 1407 456; x_wconf 71' lang='grc' dir='ltr'>Ιι</span> <span class='ocrx_word' id='word_1_370' title='bbox 1414 436 1434 456; x_wconf 75' lang='lat' dir='ltr'>la</span> <span class='ocrx_word' id='word_1_371' title='bbox 1440 441 1512 456; x_wconf 74' lang='lat' dir='ltr'>utun</span> <span class='ocrx_word' id='word_1_372' title='bbox 1517 443 1560 456; x_wconf 78' lang='lat' dir='ltr'>non</span> 
     </span>
     <span class='ocr_line' id='line_1_47' title="bbox 1347 463 1559 490; baseline 0 -7"><span class='ocrx_word' id='word_1_373' title='bbox 1347 464 1359 483; x_wconf 72' lang='grc' dir='ltr'>ὲ</span> <span class='ocrx_word' id='word_1_374' title='bbox 1372 463 1393 483; x_wconf 78' lang='lat' dir='ltr'>la</span> <span class='ocrx_word' id='word_1_375' title='bbox 1406 469 1467 484; x_wconf 73' lang='lat' dir='ltr'>eausa</span> <span class='ocrx_word' id='word_1_376' title='bbox 1484 463 1559 490; x_wconf 77' lang='lat' dir='ltr'>prim,</span> 
     </span>
     <span class='ocr_line' id='line_1_48' title="bbox 1347 490 1561 511; baseline 0 -1"><span class='ocrx_word' id='word_1_377' title='bbox 1347 490 1406 511; x_wconf 67' lang='lat' dir='ltr'>benzi</span> <span class='ocrx_word' id='word_1_378' title='bbox 1434 491 1524 510; x_wconf 65' lang='lat' dir='ltr'>sottum</span> <span class='ocrx_word' id='word_1_379' title='bbox 1548 496 1561 510; x_wconf 82' lang='grc' dir='ltr'>ι</span> 
     </span>
     <span class='ocr_line' id='line_1_49' title="bbox 1347 516 1560 564; baseline -0.005 -27"><span class='ocrx_word' id='word_1_380' title='bbox 1347 517 1388 538; x_wconf 82' lang='lat' dir='ltr'>Dio</span> <span class='ocrx_word' id='word_1_381' title='bbox 1403 517 1428 537; x_wconf 85' lang='lat' dir='ltr'>ed</span> <span class='ocrx_word' id='word_1_382' title='bbox 1445 516 1485 537; x_wconf 66' lang='lat' dir='ltr'>ane</span> <span class='ocrx_word' id='word_1_383' title='bbox 1504 516 1560 564; x_wconf 54' lang='grc' dir='ltr'><strong>ΙεςῗΙ</strong></span> 
     </span>
     <span class='ocr_line' id='line_1_50' title="bbox 1347 543 1560 572; baseline 0 -8"><span class='ocrx_word' id='word_1_384' title='bbox 1347 543 1384 564; x_wconf 76' lang='lat' dir='ltr'>che</span> <span class='ocrx_word' id='word_1_385' title='bbox 1393 550 1487 572; x_wconf 75' lang='lat' dir='ltr'>reggono</span> <span class='ocrx_word' id='word_1_386' title='bbox 1499 543 1544 564; x_wconf 77' lang='lat' dir='ltr'>l&#39;un</span> <span class='ocrx_word' id='word_1_387' title='bbox 1552 554 1560 559; x_wconf 91' lang='lat'>-</span> 
     </span>
     <span class='ocr_line' id='line_1_51' title="bbox 1347 577 1413 592; baseline -0.015 0"><span class='ocrx_word' id='word_1_388' title='bbox 1347 577 1413 592; x_wconf 74' lang='lat' dir='ltr'>veno,</span> 
     </span>
    </p>

    <p class='ocr_par' dir='ltr' id='par_1_11' title="bbox 1347 597 1562 791">
     <span class='ocr_line' id='line_1_52' title="bbox 1374 597 1559 622; baseline 0 -4"><span class='ocrx_word' id='word_1_389' title='bbox 1374 598 1412 618; x_wconf 75' lang='lat' dir='ltr'>Per</span> <span class='ocrx_word' id='word_1_390' title='bbox 1425 597 1455 618; x_wconf 78' lang='lat' dir='ltr'>tal</span> <span class='ocrx_word' id='word_1_391' title='bbox 1471 597 1559 622; x_wconf 70' lang='lat' dir='ltr'>motivo,</span> 
     </span>
     <span class='ocr_line' id='line_1_53' title="bbox 1347 624 1562 678; baseline -0.005 -6"><span class='ocrx_word' id='word_1_392' title='bbox 1347 625 1421 678; x_wconf 50' lang='lat'>5:2⁶&amp;</span> <span class='ocrx_word' id='word_1_393' title='bbox 1430 624 1468 671; x_wconf 62' lang='lat'>..11⁶</span> <span class='ocrx_word' id='word_1_394' title='bbox 1491 631 1502 644; x_wconf 79' lang='lat'>⁸</span> <span class='ocrx_word' id='word_1_395' title='bbox 1529 625 1562 672; x_wconf 66' lang='lat'>⁶³5</span> 
     </span>
     <span class='ocr_line' id='line_1_54' title="bbox 1370 677 1540 705; baseline -0.012 0"><span class='ocrx_word' id='word_1_396' title='bbox 1370 677 1504 705; x_wconf 67' lang='lat' dir='ltr'>perpetui-¹⁰,</span> <span class='ocrx_word' id='word_1_397' title='bbox 1518 677 1540 698; x_wconf 63' lang='grc' dir='ltr'>ἕ·</span> 
     </span>
     <span class='ocr_line' id='line_1_55' title="bbox 1348 705 1562 732; baseline 0 -7"><span class='ocrx_word' id='word_1_398' title='bbox 1348 705 1427 732; x_wconf 80' lang='lat' dir='ltr'>d&#39;nopo</span> <span class='ocrx_word' id='word_1_399' title='bbox 1441 705 1478 726; x_wconf 73' lang='lat' dir='ltr'>che</span> <span class='ocrx_word' id='word_1_400' title='bbox 1491 705 1512 725; x_wconf 75' lang='lat'>1·</span> <span class='ocrx_word' id='word_1_401' title='bbox 1525 711 1562 725; x_wconf 78' lang='lat' dir='ltr'>u-</span> 
     </span>
     <span class='ocr_line' id='line_1_56' title="bbox 1348 732 1560 791; baseline 0 -12"><span class='ocrx_word' id='word_1_402' title='bbox 1348 737 1396 779; x_wconf 62' lang='lat' dir='ltr'>x:</span> <span class='ocrx_word' id='word_1_403' title='bbox 1404 732 1508 791; x_wconf 42' lang='lat' dir='ltr'>{fv-m</span> <span class='ocrx_word' id='word_1_404' title='bbox 1517 738 1560 779; x_wconf 65' lang='lat' dir='ltr'>tt:</span> 
     </span>
    </p>

    <p class='ocr_par' dir='ltr' id='par_1_12' title="bbox 1348 785 1432 806">
     <span class='ocr_line' id='line_1_57' title="bbox 1348 785 1432 806; baseline 0 0"><span class='ocrx_word' id='word_1_405' title='bbox 1348 785 1432 806; x_wconf 64' lang='lat' dir='ltr'>naueh,</span> 
     </span>
    </p>
   </div>
   <div class='ocr_carea' id='block_1_10' title="bbox 1349 1169 1565 1566">
    <p class='ocr_par' dir='ltr' id='par_1_13' title="bbox 1349 1169 1565 1566">
     <span class='ocr_line' id='line_1_58' title="bbox 1375 1169 1562 1191; baseline 0 -1"><span class='ocrx_word' id='word_1_406' title='bbox 1375 1169 1408 1190; x_wconf 59' lang='lat' dir='ltr'>Nl</span> <span class='ocrx_word' id='word_1_407' title='bbox 1429 1170 1476 1190; x_wconf 75' lang='lat' dir='ltr'>vale</span> <span class='ocrx_word' id='word_1_408' title='bbox 1486 1169 1505 1191; x_wconf 69' lang='lat'>11</span> <span class='ocrx_word' id='word_1_409' title='bbox 1518 1170 1562 1190; x_wconf 74' lang='lat' dir='ltr'>dire</span> 
     </span>
     <span class='ocr_line' id='line_1_59' title="bbox 1350 1197 1562 1218; baseline 0.005 -1"><span class='ocrx_word' id='word_1_410' title='bbox 1350 1197 1387 1218; x_wconf 77' lang='lat' dir='ltr'>che</span> <span class='ocrx_word' id='word_1_411' title='bbox 1406 1203 1418 1217; x_wconf 79' lang='grc' dir='ltr'>ι</span> <span class='ocrx_word' id='word_1_412' title='bbox 1436 1197 1562 1218; x_wconf 56' lang='lat' dir='ltr'>eone-riu·</span> 
     </span>
     <span class='ocr_line' id='line_1_60' title="bbox 1350 1224 1563 1244; baseline 0 0"><span class='ocrx_word' id='word_1_413' title='bbox 1350 1224 1365 1244; x_wconf 80' lang='lat'>1·</span> <span class='ocrx_word' id='word_1_414' title='bbox 1373 1224 1478 1244; x_wconf 64' lang='lat' dir='ltr'>intensiori</span> <span class='ocrx_word' id='word_1_415' title='bbox 1492 1224 1513 1244; x_wconf 76' lang='lat' dir='ltr'>ds</span> <span class='ocrx_word' id='word_1_416' title='bbox 1528 1230 1563 1244; x_wconf 71' lang='lat' dir='ltr'>m-</span> 
     </span>
     <span class='ocr_line' id='line_1_61' title="bbox 1350 1250 1565 1275; baseline 0 -4"><span class='ocrx_word' id='word_1_417' title='bbox 1350 1256 1404 1275; x_wconf 77' lang='lat' dir='ltr'>tun,</span> <span class='ocrx_word' id='word_1_418' title='bbox 1418 1250 1493 1271; x_wconf 71' lang='lat' dir='ltr'>rivolta</span> <span class='ocrx_word' id='word_1_419' title='bbox 1510 1257 1565 1271; x_wconf 72' lang='lat' dir='ltr'>um-</span> 
     </span>
     <span class='ocr_line' id='line_1_62' title="bbox 1350 1277 1563 1351; baseline 0.005 -27"><span class='ocrx_word' id='word_1_420' title='bbox 1350 1277 1563 1351; x_wconf 43' lang='lat' dir='ltr'>:afflig</span> 
     </span>
     <span class='ocr_line' id='line_1_63' title="bbox 1350 1335 1562 1352; baseline 0.005 -1"><span class='ocrx_word' id='word_1_421' title='bbox 1350 1337 1378 1351; x_wconf 78' lang='lat' dir='ltr'>ne</span> <span class='ocrx_word' id='word_1_422' title='bbox 1392 1335 1445 1351; x_wconf 69' lang='lat' dir='ltr'>enm</span> <span class='ocrx_word' id='word_1_423' title='bbox 1454 1337 1516 1352; x_wconf 70' lang='lat' dir='ltr'>uun</span> <span class='ocrx_word' id='word_1_424' title='bbox 1525 1337 1536 1352; x_wconf 84' lang='lat' dir='ltr'>e</span> <span class='ocrx_word' id='word_1_425' title='bbox 1551 1337 1562 1351; x_wconf 79' lang='lat' dir='ltr'>e</span> 
     </span>
     <span class='ocr_line' id='line_1_64' title="bbox 1350 1357 1563 1385; baseline 0 -7"><span class='ocrx_word' id='word_1_426' title='bbox 1350 1357 1479 1385; x_wconf 70' lang='lat' dir='ltr'>VobbUgmo</span> <span class='ocrx_word' id='word_1_427' title='bbox 1492 1357 1563 1378; x_wconf 72' lang='lat' dir='ltr'>invene</span> 
     </span>
     <span class='ocr_line' id='line_1_65' title="bbox 1350 1384 1563 1406; baseline -0.005 0"><span class='ocrx_word' id='word_1_428' title='bbox 1350 1391 1363 1405; x_wconf 73' lang='grc' dir='ltr'>ι</span> <span class='ocrx_word' id='word_1_429' title='bbox 1382 1391 1451 1406; x_wconf 60' lang='lat' dir='ltr'>aare</span> <span class='ocrx_word' id='word_1_430' title='bbox 1472 1384 1492 1405; x_wconf 69' lang='grc' dir='ltr'>Ιι</span> <span class='ocrx_word' id='word_1_431' title='bbox 1511 1384 1563 1405; x_wconf 70' lang='lat' dir='ltr'>feni-</span> 
     </span>
     <span class='ocr_line' id='line_1_66' title="bbox 1350 1412 1563 1439; baseline 0 -7"><span class='ocrx_word' id='word_1_432' title='bbox 1350 1412 1418 1432; x_wconf 75' lang='lat' dir='ltr'>ninn:</span> <span class='ocrx_word' id='word_1_433' title='bbox 1432 1412 1514 1439; x_wconf 75' lang='lat' dir='ltr'>dunque</span> <span class='ocrx_word' id='word_1_434' title='bbox 1527 1418 1563 1432; x_wconf 70' lang='lat' dir='ltr'>na-</span> 
     </span>
     <span class='ocr_line' id='line_1_67' title="bbox 1349 1443 1562 1459; baseline -0.005 0"><span class='ocrx_word' id='word_1_435' title='bbox 1349 1445 1383 1459; x_wconf 74' lang='grc' dir='ltr'>κε</span> <span class='ocrx_word' id='word_1_436' title='bbox 1398 1443 1472 1459; x_wconf 67' lang='lat' dir='ltr'>contro</span> <span class='ocrx_word' id='word_1_437' title='bbox 1490 1443 1562 1459; x_wconf 70' lang='lat' dir='ltr'>naam</span> 
     </span>
     <span class='ocr_line' id='line_1_68' title="bbox 1349 1464 1561 1520; baseline 0 -8"><span class='ocrx_word' id='word_1_438' title='bbox 1349 1470 1429 1520; x_wconf 57' lang='lat'>2:31*</span> <span class='ocrx_word' id='word_1_439' title='bbox 1437 1464 1561 1512; x_wconf 53' lang='lat' dir='ltr'>frm&#39;·</span> 
     </span>
     <span class='ocr_line' id='line_1_69' title="bbox 1349 1518 1561 1566; baseline 0 -27"><span class='ocrx_word' id='word_1_440' title='bbox 1349 1525 1393 1566; x_wconf 58' lang='lat' dir='ltr'>plen</span> <span class='ocrx_word' id='word_1_441' title='bbox 1407 1518 1561 1566; x_wconf 42' lang='lat' dir='ltr'>&#39;wewam‘</span> 
     </span>
    </p>
   </div>
   <div class='ocr_carea' id='block_1_11' title="bbox 1349 1585 1562 1875">
    <p class='ocr_par' dir='ltr' id='par_1_14' title="bbox 1349 1585 1562 1875">
     <span class='ocr_line' id='line_1_70' title="bbox 1377 1585 1562 1610; baseline 0 -4"><span class='ocrx_word' id='word_1_442' title='bbox 1377 1585 1443 1610; x_wconf 72' lang='lat' dir='ltr'>Quale</span> <span class='ocrx_word' id='word_1_443' title='bbox 1451 1585 1510 1606; x_wconf 71' lang='lat' dir='ltr'>fideo</span> <span class='ocrx_word' id='word_1_444' title='bbox 1516 1591 1562 1606; x_wconf 73' lang='lat' dir='ltr'>os·-</span> 
     </span>
     <span class='ocr_line' id='line_1_71' title="bbox 1349 1611 1561 1639; baseline 0 -6"><span class='ocrx_word' id='word_1_445' title='bbox 1349 1613 1372 1633; x_wconf 63' lang='grc' dir='ltr'>(Δ</span> <span class='ocrx_word' id='word_1_446' title='bbox 1385 1619 1460 1639; x_wconf 66' lang='lat' dir='ltr'>negare</span> <span class='ocrx_word' id='word_1_447' title='bbox 1482 1612 1519 1633; x_wconf 71' lang='lat' dir='ltr'>che</span> <span class='ocrx_word' id='word_1_448' title='bbox 1540 1611 1561 1633; x_wconf 73' lang='lat' dir='ltr'>h</span> 
     </span>
     <span class='ocr_line' id='line_1_72' title="bbox 1349 1638 1562 1672; baseline -0.005 -12"><span class='ocrx_word' id='word_1_449' title='bbox 1349 1644 1429 1671; x_wconf 38' lang='lat' dir='ltr'>nati-rr·¹</span> <span class='ocrx_word' id='word_1_450' title='bbox 1434 1646 1476 1672; x_wconf 57' lang='lat' dir='ltr'>non</span> <span class='ocrx_word' id='word_1_451' title='bbox 1482 1638 1562 1672; x_wconf 46' lang='lat' dir='ltr'>&#39;prndiu-</span> 
     </span>
     <span class='ocr_line' id='line_1_73' title="bbox 1349 1666 1562 1714; baseline -0.009 0"><span class='ocrx_word' id='word_1_452' title='bbox 1349 1673 1380 1714; x_wconf 63' lang='lat'>3⁸0</span> <span class='ocrx_word' id='word_1_453' title='bbox 1388 1666 1490 1714; x_wconf 46' lang='lat'>”³3⁴2</span> <span class='ocrx_word' id='word_1_454' title='bbox 1497 1666 1562 1713; x_wconf 54' lang='lat' dir='ltr'>‘¹¹00&#39;ss-</span> 
     </span>
     <span class='ocr_line' id='line_1_74' title="bbox 1349 1718 1561 1741; baseline 0 -1"><span class='ocrx_word' id='word_1_455' title='bbox 1349 1721 1468 1741; x_wconf 60' lang='lat' dir='ltr'>“naaion</span> <span class='ocrx_word' id='word_1_456' title='bbox 1508 1718 1561 1740; x_wconf 62' lang='lat' dir='ltr'>dalle</span> 
     </span>
     <span class='ocr_line' id='line_1_75' title="bbox 1350 1746 1560 1774; baseline 0 -7"><span class='ocrx_word' id='word_1_457' title='bbox 1350 1747 1418 1774; x_wconf 73' lang='lat' dir='ltr'>speeie</span> <span class='ocrx_word' id='word_1_458' title='bbox 1430 1753 1442 1767; x_wconf 79' lang='lat' dir='ltr'>e</span> <span class='ocrx_word' id='word_1_459' title='bbox 1469 1753 1512 1767; x_wconf 79' lang='lat' dir='ltr'>non</span> <span class='ocrx_word' id='word_1_460' title='bbox 1526 1746 1560 1766; x_wconf 69' lang='lat' dir='ltr'>dia</span> 
     </span>
     <span class='ocr_line' id='line_1_76' title="bbox 1350 1773 1561 1821; baseline -0.005 0"><span class='ocrx_word' id='word_1_461' title='bbox 1350 1773 1561 1821; x_wconf 50' lang='grc' dir='ltr'>ῧῗωιῴέὲῗῧῖἑ</span> 
     </span>
     <span class='ocr_line' id='line_1_77' title="bbox 1350 1826 1561 1875; baseline -0.005 0"><span class='ocrx_word' id='word_1_462' title='bbox 1350 1827 1460 1875; x_wconf 44' lang='lat' dir='ltr'>effi?</span> <span class='ocrx_word' id='word_1_463' title='bbox 1487 1826 1561 1848; x_wconf 52' lang='grc' dir='ltr'>ΜΗ·</span> 
     </span>
    </p>
   </div>
   <div class='ocr_carea' id='block_1_12' title="bbox 1349 1897 1563 2161">
    <p class='ocr_par' dir='ltr' id='par_1_15' title="bbox 1349 1897 1563 2161">
     <span class='ocr_line' id='line_1_78' title="bbox 1375 1897 1562 1927; baseline -0.005 -8"><span class='ocrx_word' id='word_1_464' title='bbox 1375 1898 1433 1927; x_wconf 68' lang='grc' dir='ltr'>Ομὶ</span> <span class='ocrx_word' id='word_1_465' title='bbox 1443 1897 1528 1919; x_wconf 70' lang='lat' dir='ltr'>mutin</span> <span class='ocrx_word' id='word_1_466' title='bbox 1534 1897 1562 1918; x_wconf 75' lang='lat' dir='ltr'>h-</span> 
     </span>
     <span class='ocr_line' id='line_1_79' title="bbox 1349 1925 1562 1980; baseline -0.009 -6"><span class='ocrx_word' id='word_1_467' title='bbox 1349 1925 1376 1974; x_wconf 43' lang='lat'>:¹⁸²</span> <span class='ocrx_word' id='word_1_468' title='bbox 1383 1932 1451 1980; x_wconf 50' lang='lat'>³35¹.</span> <span class='ocrx_word' id='word_1_469' title='bbox 1457 1956 1501 1972; x_wconf 74' lang='lat' dir='ltr'>atta</span> <span class='ocrx_word' id='word_1_470' title='bbox 1506 1958 1518 1972; x_wconf 81' lang='grc' dir='ltr'>ι</span> <span class='ocrx_word' id='word_1_471' title='bbox 1525 1951 1562 1972; x_wconf 73' lang='lat' dir='ltr'>dar</span> 
     </span>
     <span class='ocr_line' id='line_1_80' title="bbox 1349 1978 1562 2038; baseline -0.014 -38"><span class='ocrx_word' id='word_1_472' title='bbox 1349 1980 1392 2000; x_wconf 72' lang='lat' dir='ltr'>viu</span> <span class='ocrx_word' id='word_1_473' title='bbox 1410 1979 1450 2038; x_wconf 44' lang='lat' dir='ltr'>ba</span> <span class='ocrx_word' id='word_1_474' title='bbox 1466 1978 1562 2033; x_wconf 50' lang='lat'>³3:32³</span> 
     </span>
     <span class='ocr_line' id='line_1_81' title="bbox 1350 2031 1563 2092; baseline -0.014 -11"><span class='ocrx_word' id='word_1_475' title='bbox 1350 2031 1563 2092; x_wconf 42' lang='lat' dir='ltr'>„eme-:eea</span> 
     </span>
     <span class='ocr_line' id='line_1_82' title="bbox 1350 2086 1563 2141; baseline -0.005 -8"><span class='ocrx_word' id='word_1_476' title='bbox 1350 2086 1563 2141; x_wconf 55' lang='lat' dir='ltr'>:mim</span> 
     </span>
     <span class='ocr_line' id='line_1_83' title="bbox 1350 2139 1562 2161; baseline -0.009 0"><span class='ocrx_word' id='word_1_477' title='bbox 1350 2141 1380 2161; x_wconf 73' lang='lat' dir='ltr'>ri·</span> <span class='ocrx_word' id='word_1_478' title='bbox 1401 2146 1463 2160; x_wconf 78' lang='lat' dir='ltr'>meno</span> <span class='ocrx_word' id='word_1_479' title='bbox 1486 2139 1562 2159; x_wconf 70' lang='lat' dir='ltr'>idon·-</span> 
     </span>
    </p>
   </div>
   <div class='ocr_carea' id='block_1_13' title="bbox 1351 2221 1453 2247">
    <p class='ocr_par' dir='ltr' id='par_1_16' title="bbox 1351 2221 1453 2247">
     <span class='ocr_line' id='line_1_84' title="bbox 1351 2221 1453 2247; baseline -0.01 -6"><span class='ocrx_word' id='word_1_480' title='bbox 1351 2221 1368 2241; x_wconf 69' lang='grc' dir='ltr'>εἰ</span> <span class='ocrx_word' id='word_1_481' title='bbox 1382 2221 1453 2247; x_wconf 71' lang='lat' dir='ltr'>prouti.</span> 
     </span>
    </p>
   </div>
  </div>
 </body>
</html>
