1682 2762
83 870 122 895 10

80 1237 116 1272 ¹5

73 1519 116 1544 20

72 1857 112 1891 25

420 213 468 240 DI
500 213 763 243 commem
795 215 1069 244 SALUTATl.
1286 218 1345 251 179

154 337 356 382 equalitatem
372 347 430 380 est,
453 350 550 383 quam
573 339 689 374 sufficit
713 351 782 374 esse
805 341 1030 385 proportionis,
1054 341 1127 375 licet
1151 342 1291 375 maxima
1305 342 1346 375 sit

153 403 185 428 et
201 394 430 439 perfectissima
449 397 665 440 proportionis
684 407 717 431 et
734 399 834 432 vocis.
881 399 967 432 unde
988 399 1143 443 diapason
1162 399 1345 433 suavissimi

153 452 255 487 melos
278 463 336 495 est,
360 455 514 498 quoniam
537 455 570 488 in
594 465 708 489 octava
730 467 813 490 voce
837 457 1015 491 consistens
1035 457 1160 491 ducitur
1179 469 1197 491 a
1212 468 1345 502 propor-

151 511 241 545 tione
260 511 394 556 duplari,
411 524 474 557 que
490 512 528 546 ab
544 513 712 557 equalitate
731 514 951 558 proficiscitur.
999 527 1122 557 verum,
1143 515 1219 560 quia
1234 526 1345 549 versus

151 568 247 604 habet
269 569 434 612 dictiones,
466 570 561 604 habet
592 581 624 605 et
650 571 748 616 pedes
776 582 808 606 et
841 573 876 606 in
907 573 1112 607 enunciando
1143 573 1345 618 progreditur

151 626 344 662 dictionibus
356 637 450 672 atque
467 628 612 672 pedibus,
628 629 864 674 deprehensum
879 641 926 665 est
938 631 1216 665 continuationem
1231 631 1343 665 dictio-

150 696 230 719 num
254 697 328 719 cum
350 685 483 730 pedibus
516 687 691 721 minimum
724 688 948 722 concinnitatis
972 688 1097 723 habere.
1163 700 1238 723 curn
1266 700 1342 723 vero

149 742 284 787 pedibus
298 740 455 777 ceduntur
477 742 635 777 dictiones
658 753 690 778 et
709 743 902 779 dictionibus
918 745 1027 790 pedes,
1050 747 1094 780 ita
1113 746 1200 790 quod
1220 758 1276 791 pes
1295 747 1343 780 in-

150 801 244 845 cipiat
259 812 334 835 cum
347 800 459 834 ultima
473 801 594 845 syllaba
617 801 774 844 dictionis,
787 802 940 837 melliflue
962 814 1073 837 versus
1088 813 1216 837 sonant.
1253 803 1342 848 quod

149 859 317 903 provenire
341 858 527 893 crediderim
553 869 597 900 ut,
617 860 772 904 quoniam
795 861 949 895 exametri
974 872 1095 902 versus,
1115 873 1213 906 quem
1237 861 1342 895 heroi-

149 927 224 949 cum
242 915 364 957 dicunt,
381 915 478 960 pedes
498 917 624 961 equales
643 917 706 951 sint
724 917 904 952 elevatione
924 927 1018 963 atque
1038 918 1204 959 descensu,
1219 919 1245 951 si
1262 918 1340 952 tales

147 973 212 1007 sint
226 982 259 1007 et
272 973 439 1014 dictiones,
453 973 504 1008 illa
515 984 582 1008 tam
593 974 761 1008 uniformis
777 975 928 1020 equalitas
943 975 1109 1018 obtundat,
1126 988 1189 1021 que
1201 976 1238 1017 si,
1255 976 1341 1010 velut

147 1039 254 1074 potest
268 1029 346 1073 fieri,
361 1031 502 1064 sectione
518 1030 658 1076 quadam
674 1032 821 1074 varietur,
837 1032 985 1067 mulceat.
1031 1033 1118 1067 unde
1130 1034 1156 1067 si
1169 1033 1339 1067 diceretur:

378 1129 421 1157 Tu
441 1138 550 1166 quoque
569 1131 592 1158 si
609 1130 651 1158 vis
669 1131 777 1159 tramite
796 1138 872 1159 recto
892 1141 1002 1168 carpere
1017 1133 1126 1166 callem,

145 1229 220 1264 licet
240 1241 351 1265 versus
374 1230 426 1265 hic
450 1230 599 1265 heroicus
623 1231 684 1265 dici
707 1233 817 1276 possit,
841 1231 976 1277 pedibus
999 1242 1032 1266 et
1050 1233 1248 1278 temporibus
1271 1235 1338 1268 suis
1376 1268 1383 1275 ,

146 1296 281 1329 constet,
305 1288 518 1334 incomposite
536 1298 644 1323 tamen
661 1298 765 1323 sonat.
811 1289 899 1334 quod
914 1290 941 1324 si
956 1291 1231 1324 continuationem
1250 1291 1337 1325 illam

144 1344 324 1380 dictionum
358 1355 391 1380 et
419 1346 539 1391 pedum
562 1346 736 1388 resciden's,
759 1348 1024 1382 sonantissimum
1051 1360 1180 1382 versum
1212 1348 1336 1389 reddes,

144 1401 437 1438 discoutinuatione
455 1404 660 1439 dulcedinem
675 1406 828 1450 pariente.
873 1415 910 1440 ut
924 1407 951 1439 si
967 1406 1175 1440 commutatis
1201 1406 1336 1451 pedibus

147 1459 284 1495 dixeris:

374 1522 419 1550 Tu
437 1531 547 1560 quoque
565 1524 588 1551 si
606 1530 682 1552 recto
700 1524 740 1552 vis
759 1525 868 1552 tramite
887 1533 998 1562 carpere
1012 1524 1121 1559 callem,

143 1623 324 1669 elegantem
343 1624 455 1659 feceris
474 1638 515 1660 ex
533 1626 652 1660 eisdem
673 1626 866 1662 dictionibus
889 1638 1018 1662 versum
1037 1639 1146 1662 cesure
1165 1627 1334 1669 beneficio,

142 1693 206 1726 que
228 1681 311 1716 cadit
331 1683 365 1717 in
390 1683 546 1728 principio
569 1685 651 1718 tertii
674 1684 763 1730 pedis
770 1697 780 1726 3
803 1697 904 1730 usque
927 1684 1010 1720 adeo
1033 1685 1218 1720 mortalium
1242 1697 1334 1720 aures

142 1738 188 1772 sic
207 1739 332 1783 equalia
354 1739 501 1784 diligunt,
524 1740 612 1785 quod
635 1752 673 1774 ea
695 1740 857 1786 gaudeant
880 1742 1003 1776 variari.
1052 1752 1126 1775 cum
1150 1750 1258 1775 autern
1283 1753 1334 1775 ce-

141 1796 269 1830 sionum
301 1797 371 1832 loca
405 1798 468 1832 sint
498 1798 642 1840 secundi,
664 1799 759 1841 tertii,
790 1801 892 1845 quarti
921 1800 1087 1845 quintique
1115 1799 1203 1844 pedis
1233 1800 1332 1840 initia,

141 1853 187 1887 sic
209 1853 242 1887 in
266 1854 377 1898 primis
399 1854 499 1890 tribus
522 1865 653 1890 ornatus
676 1865 734 1897 est,
757 1856 845 1902 quod
869 1856 1031 1891 absonitas
1049 1857 1090 1891 sit
1105 1857 1139 1891 in
1162 1865 1287 1902 quarta:

371 1946 417 1974 Me
436 1946 534 1975 rodunt
553 1955 651 1975 omnes
669 1947 794 1975 libertino
811 1954 887 1985 patre
905 1954 1000 1976 natum
1007 1947 1051 1976 (¹).

140 2043 211 2088 quis
229 2054 296 2078 non
315 2044 404 2079 videt
420 2045 633 2080 Horatianum
649 2046 840 2080 versiculum
858 2047 954 2081 istum
970 2057 1069 2091 quam
1083 2047 1223 2091 segniter
1237 2055 1332 2080 sonet

140 2110 173 2136 et
194 2102 301 2147 inepte
316 2102 331 2136 ἲ
393 2103 535 2138 mollitur
564 2113 671 2138 autem
699 2113 793 2149 atque
816 2106 954 2139 mitescit
985 2105 1078 2138 huius
1108 2104 1212 2149 quinti
1241 2103 1331 2149 pedis

194 2220 216 2244 8.
232 2220 263 2244 In
277 2221 350 2251 {⁸03⁰
363 2221 391 2244 ds·
402 2221 512 2245 dictiones
527 2222 547 2245 51
558 2223 609 2246 cod.
624 2229 710 2246 reema
723 2223 870 2251 dimonibm,
885 2229 967 2246 error-e
981 2225 1085 2245 correuo
1098 2222 1140 2245 dal
1147 2223 1239 2252 copim
1248 2224 1332 2245 eleeto.

143 2265 178 2290 13.
192 2259 248 2283 ΒΜ.
263 2267 294 2290 ρο
307 2268 320 2284 e
332 2267 409 2291 tegna
422 2262 515 2285 lama.
574 2263 610 2286 18.
623 2262 730 2292 pedibus]
745 2262 800 2286 σαί.
816 2262 917 2285 venitm-

174 2370 218 2405 (1)
236 2369 348 2398 Hour.
367 2371 419 2399 Sat.
438 2371 459 2405 1,
471 2379 510 2405 νι,
523 2371 572 2406 46;
590 2380 636 2399 ma
647 2372 667 2399 il
680 2377 751 2399 testo
770 2380 825 2399 non
845 2372 879 2399 da
894 2381 908 2397 ι
918 2379 963 2398 me
972 2381 998 2404 n,
1015 2371 1091 2398 bens!
1105 2380 1119 2396 ι
1131 2378 1212 2407 quem
1223 2380 1248 2398 n.
