1682 2762
118 366 176 407 235¹„-
184 359 334 411 3ἷᾶἔὶοὲηέῙῖ

119 418 333 472 ἕέᾊῖἷέἳὲῑὲζέῗὲἶ

119 472 140 488 te
154 472 282 495 appuntnrn.

146 647 224 675 Voglia
250 647 332 673 dunque

119 680 237 695 noccorrere
264 673 333 700 quell-

119 706 180 722 nnt-
193 700 292 728 fnmiglin,

119 770 131 784 e
138 764 220 784 meritur
227 763 271 783 cosi
279 762 333 783 d'es-

119 797 152 811 ser
158 791 184 811 da
193 790 220 810 lei
229 790 333 810 ricard-to

119 818 172 838 nelle
187 824 224 838 sue
238 817 332 845 preghie-

119 851 148 865 re.

145 885 178 906 Ne
191 886 209 905 ni
224 885 287 905 rifiuti
308 885 334 905 nd

121 912 216 937 siut-fla,
232 911 266 933 col
287 918 333 939 pre-

119 944 175 972 testo
198 938 235 959 che
256 940 278 971 iu
299 938 332 959 In-

119 965 277 1025 sita-:3:53
289 972 333 1025 τε

119 1026 173 1067 ἔῖῖιζ
185 1027 196 1040 ⁸
210 1020 332 1079 23:553:

119 1080 184 1121 :xixo
194 1073 333 1128 inelgprestilllgi

119 1129 166 1160 suoi
186 1127 245 1153 nimi,
278 1128 332 1160 ueni

119 1161 192 1175 invene
200 1154 236 1175 che
244 1155 269 1175 d·
283 1161 333 1182 uugi

119 1181 149 1209 gli
158 1181 244 1202 invinno
254 1181 274 1202 le
283 1188 333 1209 sup-

133 1208 188 1228 liehe
214 1209 269 1234 loro,
293 1215 332 1229 son

133 1242 145 1256 ι
154 1240 228 1256 timu
242 1242 301 1256 come
310 1235 332 1256 fi-

120 1262 192 1290 gliuoli
211 1262 249 1283 elie
271 1263 332 1283 ritor-

119 1289 208 1337 :¹2:22⁶
229 1295 279 1310 ⁸²⁰⁰
298 1296 332 1317 μ’

119 1342 286 1403 amma„
296 1342 333 1397 ,3¹:ss

119 1402 218 1445 :²332ss
227 1397 332 1445 ‘iit-”¹233

119 1451 332 1526 2¹01”“}?‚„{;¹.‘{{3”⁰¹¹÷i

119 1510 197 1532 tempio
235 1512 241 1525 1
283 1512 330 1526 eru-

119 1531 226 1580 ..ιὸτῖἕὲ
236 1558 280 1579 ἰπὶ
290 1566 302 1579 e
317 1559 332 1580 li

133 1586 297 1638 ετὸΙὲιέῗοὶι-ιῐ
318 1586 332 1607 li

120 1706 158 1727 che
167 1706 269 1728 Colueeio
280 1711 332 1728 sten-

119 1740 143 1755 ιο
149 1734 178 1761 gli
185 1734 333 1755 necem-ads?

146 1883 181 1904 Gli
194 1883 239 1905 fari
250 1885 333 1905 truseri-

119 1917 174 1935 νει-ε,
199 1911 332 1932 ικοιιάοεὴὲ

119 1938 212 1959 desidera
239 1938 332 1959 Niccolo

120 1964 211 1990 Lucefri.
226 1965 242 1986 il
256 1972 294 1986 nuo
308 1965 332 1986 li-

119 1992 157 2013 bro
179 1992 209 2012 De
230 1993 333 2013 nobilitate

120 2019 181 2047 legum
189 2023 207 2040 et
214 2020 331 2045 madia-inan

119 2053 153 2067 ma
171 2047 245 2074 pei-elie
264 2047 279 2068 il
301 2046 332 2068 ln—

119 2080 171 2095 voro
195 2081 264 2095 nese-
287 2081 332 2095 eor-

119 2105 183 2126 recto,
193 2103 294 2122 converri
302 2107 332 2122 ιι-

119 2128 202 2148 teudere
221 2135 250 2149 un
269 2135 330 2156 poco.

364 222 428 254 620
787 228 1133 257 EPISTOLARIO

366 367 453 395 nem,
467 355 530 389 hoc
548 364 595 388 est
614 366 737 388 nomen
755 364 862 389 eterne
878 355 989 400 glorie,
1004 355 1061 389 sed
1076 355 1285 390 solummodo
1301 366 1430 401 propter
1443 357 1563 398 Deum,

363 414 419 458 qui
443 413 611 447 beatorum
641 414 791 448 omnium
823 422 871 447 est
894 413 1068 448 obiectum.
1120 424 1199 458 puto
1227 415 1358 459 quidem
1391 415 1479 460 quod
1507 416 1563 460 qui

365 472 591 516 circunscripto
603 472 677 505 Deo
693 472 800 506 solum
816 481 928 517 agunt,
939 481 976 506 ut
992 472 1074 506 beati
1090 472 1178 514 fiant,
1189 473 1222 506 in
1238 474 1303 507 suis
1315 473 1563 518 cogitationibus

362 529 433 564 falsi
462 530 525 564 sint
547 530 599 564 vel
630 531 811 576 cogitantes
831 542 900 564 esse
924 530 1156 565 beatitudinem
1174 540 1280 576 preter
1303 533 1411 566 Deum
1435 532 1486 566 vel
1510 544 1564 566 ve-

361 600 434 622 rum
457 588 516 622 sibi
540 587 640 622 finem
664 600 799 623 suorum
830 598 960 623 actuum
994 588 1146 623 facientes
1178 589 1410 624 beatitudinem
1441 599 1474 624 et
1495 601 1564 624 non

362 648 481 681 Deum.
530 646 587 681 sed
617 656 652 681 ut
682 647 722 682 ad
751 648 953 693 propositum
981 647 1124 689 redeam,
1147 648 1293 693 supplico
1324 648 1413 694 quod
1436 648 1510 682 filiis
1532 658 1564 683 et

361 705 540 740 oratoribus
564 706 626 740 tuis
645 706 827 740 subvenias.
874 706 1023 751 indigent
1048 706 1218 751 siquidem,
1239 706 1332 740 crede
1357 706 1455 740 michi
1463 719 1473 748 ;
1497 718 1564 752 quo

362 773 466 798 certus
490 776 563 798 sum
586 765 688 810 possis
713 765 773 798 hac
791 765 968 799 elemosina
988 765 1150 799 bonorum
1174 774 1206 799 et
1232 765 1418 799 orationum
1433 777 1565 800 suarum

362 833 430 856 non
450 835 490 856 ex
508 832 588 857 voto
612 823 718 857 solum
738 835 853 857 eorum
875 833 907 858 te
931 823 999 857 fore
1023 824 1220 868 participem,
1244 823 1300 857 sed
1324 824 1423 857 etiam
1446 824 1564 858 merito

361 890 430 916 tuo,
477 893 537 915 nec
566 891 598 915 te
622 891 754 916 moveat
777 881 865 926 quod
889 883 922 915 in
946 881 1064 926 Anglia
1090 881 1147 916 tibi
1172 882 1237 915 sint
1262 891 1406 916 oratores
1430 891 1463 916 et
1485 894 1564 927 pau-

361 951 452 984 peres
475 940 573 974 etiarn
602 940 755 985 religiosi,
779 941 895 985 quibus
927 940 967 974 ad
991 940 1054 974 hoc
1082 941 1274 985 propensius
1307 940 1471 984 obligeris.
1517 941 1564 975 illi

361 997 492 1042 quidem
511 997 654 1042 quotidie
673 993 781 1032 tecum
801 1008 894 1040 sunt;
918 998 970 1032 isti
994 1010 1082 1040 vero,
1107 999 1162 1043 qui
1186 1010 1272 1032 nunc
1296 997 1337 1032 ad
1357 1007 1389 1032 te
1404 997 1493 1032 velut
1507 997 1564 1032 filii

362 1056 517 1101 degentes
532 1068 550 1090 a
565 1057 664 1102 longe
681 1069 756 1091 cum
772 1057 948 1091 devotione
963 1065 1142 1098 recurrunt,
1157 1057 1256 1101 recipi
1276 1068 1344 1091 non
1360 1056 1452 1091 aliter
1465 1068 1564 1102 quam

361 1125 524 1150 revertens
547 1115 631 1150 filius
654 1125 896 1161 promerentur;
921 1125 953 1150 et
976 1128 1015 1150 ex
1040 1127 1080 1150 eo
1103 1116 1228 1157 iustius,
1252 1115 1341 1160 quod
1361 1115 1414 1150 ille
1431 1115 1564 1150 libidine

359 1172 452 1208 fedus
476 1183 508 1208 et
526 1174 701 1209 exhaustus
724 1174 859 1219 flagiciis
882 1184 914 1208 et
933 1174 1113 1220 prepositus
1136 1174 1242 1219 porcis
1266 1173 1358 1219 culpa
1381 1185 1439 1208 sua
1460 1173 1565 1208 redire

361 1233 547 1277 compulsus
563 1243 610 1267 est
621 1233 672 1275 (¹);
692 1234 744 1267 isti
761 1245 838 1267 vero
858 1244 925 1267 non
942 1245 1002 1267 suo
1018 1233 1147 1273 scelere,
1164 1232 1220 1266 sed
1237 1231 1386 1266 scandala
1404 1231 1564 1276 fugientes

360 1291 423 1325 isto
450 1291 648 1326 necessitatis
671 1291 793 1325 reducti
816 1300 901 1325 sunt.
953 1290 1129 1324 recorderis
1152 1299 1272 1335 quanta
1293 1290 1440 1335 largitate
1462 1301 1564 1334 quan-

360 1358 456 1394 taque
487 1349 708 1384 munificentia
743 1350 956 1384 ptholomeus
988 1349 1108 1394 Egypti
1139 1358 1171 1382 et
1203 1350 1328 1392 Hyram
1359 1348 1441 1392 Tyri
1470 1359 1563 1393 reges

361 1408 484 1452 templo
507 1409 655 1450 Domini,
679 1408 767 1453 quod
800 1407 1006 1442 edificaverat
1036 1407 1205 1448 Salomon,
1233 1407 1464 1448 subvenerunt,
1487 1406 1565 1441 licet

360 1476 448 1501 extra
461 1467 596 1511 patriam
611 1467 770 1501 maximas
785 1467 939 1512 pecunias
954 1466 1151 1501 destinarent
1159 1466 1204 1499 (²).
1246 1477 1308 1500 nos
1324 1475 1434 1500 autem
1449 1475 1563 1499 sumus

361 1537 477 1560 omnes
501 1525 610 1560 fratres
633 1526 667 1559 in
693 1526 835 1566 Christo,
863 1534 955 1559 tanto
989 1525 1229 1559 coniunctiores
1252 1533 1375 1569 quanto
1404 1523 1464 1558 sibi
1489 1534 1563 1568 pro—

361 1585 491 1629 pensius
510 1585 594 1618 servi
612 1596 737 1625 sumus,
761 1593 797 1618 ut
817 1583 856 1618 ad
882 1584 946 1618 hoc
969 1593 1000 1618 te
1025 1594 1159 1617 movere
1183 1582 1297 1617 debeat
1325 1581 1562 1616 christianitatis

360 1643 539 1684 vinculum,
562 1643 700 1678 dulcedo
723 1644 851 1682 noticie‚
875 1642 1040 1687 religionis
1059 1642 1212 1676 meritum
1236 1653 1429 1686 summaque
1451 1651 1562 1675 neces-

360 1702 437 1735 sitas
452 1701 604 1736 filiorum.
646 1701 761 1746 quibus
777 1700 930 1735 omnibus
944 1701 971 1734 si
986 1700 1063 1745 quid
1077 1699 1195 1734 addere
1209 1709 1316 1744 potest
1331 1694 1463 1734 devotio
1477 1709 1562 1739 mm,

360 1760 417 1794 tibi
441 1761 516 1794 totis
541 1760 704 1795 affectibus
727 1760 885 1805 supplico,
908 1769 1067 1805 quatenus
1087 1759 1127 1793 ad
1143 1759 1207 1794 hoc
1222 1760 1320 1793 etiam
1341 1770 1487 1793 mearum
1513 1758 1562 1792 in-

360 1820 592 1854 tercessionum
614 1828 761 1864 respectu
786 1830 861 1853 cum
884 1818 1056 1853 clementia
1078 1818 1249 1852 movearis.

429 1877 499 1911 Hec
527 1877 692 1912 hactenus.
751 1886 784 1911 et
810 1877 965 1922 quoniam
998 1886 1072 1911 tuus
1104 1887 1216 1910 servus
1247 1875 1403 1910 Nicolaus
1435 1873 1562 1910 Lucefri

360 1935 490 1970 volebat
500 1936 675 1980 exemplari
687 1935 790 1969 facere
803 1935 946 1969 libellum
959 1947 1056 1980 quem
1074 1934 1173 1968 edidit
1183 1933 1303 1968 ruditas
1320 1944 1394 1967 mea
1412 1934 1470 1967 De
1487 1944 1562 1967 no-

361 1994 540 2029 bilitate
575 1994 717 2039 legum
743 2004 780 2028 et
807 1994 1042 2035 medicine,
1066 1993 1193 2028 decrevi
1216 1992 1305 2038 quod
1329 1992 1420 2027 illum
1443 1991 1561 2026 habeas

361 2066 495 2088 munere
519 2065 596 2087 meo
606 2053 651 2087 (³).
698 2053 755 2087 tibi
774 2065 852 2087 vero
868 2065 967 2098 grave
986 2064 1053 2087 non
1069 2053 1110 2087 sit
1125 2052 1230 2086 donec
1245 2050 1446 2096 exempletur
1464 2051 1561 2085 corri-

360 2122 517 2157 gaturque
545 2111 711 2156 paululum
734 2121 913 2156 expectare.
960 2111 1125 2156 diligentia
1144 2109 1275 2155 quidem
1294 2108 1474 2144 adhibenda
1490 2120 1560 2143 rem

413 2211 451 2234 ²5·
465 2204 506 2227 tibi
519 2205 532 2227 ἐ
545 2204 668 2233 aggiunto
683 2205 708 2227 in
723 2205 835 2234 margine
848 2204 941 2226 d'alera
955 2210 1035 2226 mano.

393 2290 435 2326 (ι)
455 2289 499 2317 Cf.
518 2290 588 2318 Luc.
608 2289 669 2317 XV.
981 2289 1036 2316 alla
1048 2297 1090 2324 ep.
1102 2296 1141 2315 xn
1159 2287 1203 2315 del
1217 2287 1261 2314 lib.
1281 2286 1329 2320 XI,
1347 2295 1373 2322 p.
1395 2294 1443 2322 379
1462 2293 1503 2321 sg.
1515 2284 1560 2313 del

393 2334 436 2368 (2)
457 2332 500 2360 Cf.
520 2333 558 2360 111
577 2334 634 2369 Reg.
646 2333 679 2366 V,
694 2332 742 2366 IX,
757 2332 792 2360 X.
826 2332 872 2359 Ma
884 2331 935 2359 che
981 2336 1103 2366 presente
1122 2330 1241 2357 volume.
1283 2329 1336 2356 Del
1361 2327 1514 2363 famigliare
1531 2327 1559 2354 di

357 2376 381 2403 c’
392 2381 468 2402 entra
486 2375 533 2411 qui
552 2375 691 2403 Tolomeo
701 2375 713 2402 ἲ
981 2373 1142 2406 Tommaso.
1153 2373 1198 2409 qui
1208 2372 1391 2404 memionato‚
1401 2379 1458 2398 non
1466 2370 1491 2397 ci
1499 2378 1560 2397 soc-

392 2418 435 2453 (3)
448 2418 560 2445 Intomo
571 2426 586 2445 a
596 2424 692 2454 questo
704 2418 772 2445 libro
785 2417 816 2446 cf.
831 2417 856 2444 le
869 2423 934 2445 note
981 2424 1056 2444 corre
1071 2415 1168 2443 alcuna
1183 2414 1291 2442 notizia.

1596 891 1635 916 10

1595 1182 1632 1215 15

1589 1478 1633 1502 20

1589 1769 1629 1803 25

1589 2061 1630 2095 30
