1696 2782
136 499 147 512 ι
162 492 262 512 brumosis
271 491 291 511 di
299 491 338 510 ric-

128 518 200 539 chene
218 517 336 544 risveglinre

129 545 156 572 gli
171 545 265 572 ingegni;

129 788 140 801 e
153 780 220 800 dismi
233 779 338 800 occ-sione

129 815 140 827 e
149 807 231 827 stimulo
242 807 266 826 nd
276 812 337 833 opere

129 834 218 861 gloriose
241 833 262 852 fu
276 833 290 852 il
305 833 337 852 de-

129 861 202 881 siderio
209 861 225 880 ri
241 859 337 879 rovevole

129 888 148 907 di
163 887 256 907 celebma
268 892 337 913 presso

129 914 157 941 gli
172 913 254 934 antichi.

168 1074 191 1094 Ei
222 1073 338 1100 s'iugmn-

128 1101 206 1128 dunque
229 1107 240 1120 ι
276 1100 338 1120 artico

128 1134 150 1148 ae
176 1127 233 1147 crede
259 1107 275 1146 S
299 1133 338 1146 suo

129 1161 198 1174 amore
229 1154 285 1173 fonte
319 1153 338 1172 di

129 1186 184 1201 tame
194 1180 246 1201 virtu
265 1185 339 1206 quante

129 1208 208 1228 vnntnsi
215 1207 284 1227 d'aver
291 1213 339 1226 con-

130 1234 215 1261 seguite.

164 1304 189 1324 D'
200 1304 293 1324 alu-ende
321 1304 340 1324 Ιι

130 1332 184 1351 vinu
206 1331 243 1351 dee
266 1331 340 1363 nmnrsi

130 1363 340 1404 {zffiffzffitz

130 1416 189 1431 trovn
207 1410 222 1431 il
241 1417 279 1431 suo
298 1418 340 1438 pre-

130 1438 180 1462 mio,

134 1941 170 1960 ebe
182 1941 201 1960 12
208 1941 291 1961 divinim
299 1940 343 1961 solu

134 1968 174 1994 pub
188 1968 302 1988 concedere.

364 295 407 336 46
782 291 1127 322 EPISTOLARIO

365 427 506 459 maximo
529 422 691 468 proposito
711 420 818 465 precio
833 417 1059 462 respondisset,
1081 415 1340 450 Demosthenem
1363 414 1557 450 admiratum

365 485 480 518 dixisse
497 495 530 516 se
549 482 628 515 tanti
641 492 706 513 non
720 490 824 512 emere
841 477 982 522 penitere
997 475 1042 508 (¹).
1080 475 1126 508 sic
1144 484 1176 508 et
1191 474 1324 507 scientie
1339 474 1555 519 maximisque

365 551 395 576 et
418 541 546 585 optimis
570 538 687 572 artibus
706 537 806 570 ferme
826 535 930 569 cuncti
950 534 1057 567 solum
1074 532 1152 566 dant
1171 543 1303 577 operam
1327 541 1363 566 ut
1381 531 1554 567 luctentur.

365 600 485 644 optima
507 610 555 631 res
579 597 674 641 igitur
693 595 825 629 avaricia
850 603 881 627 et
908 605 971 637 que
995 591 1109 625 debeat
1133 602 1151 624 a
1181 591 1304 624 cunctis
1328 591 1444 632 amari;
1474 601 1557 636 quo-

365 659 451 691 niam
470 668 506 690 ea
530 656 648 696 omnia,
672 666 734 698 que
757 663 804 694 tu,
824 662 859 686 ut
889 651 1034 685 Iohanne
1058 659 1112 683 tue
1135 649 1272 693 placeas,
1295 659 1328 683 te
1352 648 1465 682 fecisse
1489 648 1558 694 glo-

365 715 459 755 riaris,
477 723 508 747 et
526 714 622 746 etiam
641 712 739 756 longe
763 709 862 755 plura,
877 707 969 741 nobis
993 717 1025 741 et
1049 707 1082 740 in
1103 706 1196 740 nobis
1219 706 1273 740 illa
1296 706 1442 750 suggerit
1461 714 1556 750 atque

365 773 457 807 facit?
503 783 578 805 nam
598 770 673 815 quid
691 769 730 803 de
748 769 849 813 gloria
868 767 985 808 dicam,
1004 777 1100 811 quam
1123 765 1209 799 fame
1234 764 1452 799 celebritatem
1475 763 1557 798 diffi-

364 832 455 865 niunt
478 840 509 863 et
533 829 572 862 ad
599 820 707 873 quam¹
726 837 792 861 tam
826 826 922 860 Greci
955 836 1052 869 quam
1080 823 1220 858 Romani
1251 832 1386 857 cunctos
1413 831 1503 857 actus
1525 830 1559 856 et

365 889 493 923 affectus
517 900 592 921 suos
616 887 695 920 adeo
718 885 904 925 referebant,
928 883 1015 928 quod
1032 882 1125 916 huius
1149 882 1244 915 unius
1268 881 1338 915 vitii
1365 880 1473 915 studio
1495 880 1558 915 vir-

364 957 468 981 tutum
493 946 640 979 omnium
664 956 731 978 non
756 955 865 976 veram
888 942 1069 987 essentiam,
1093 940 1150 974 sed
1175 939 1323 974 umbram
1341 938 1506 984 quandam
1525 947 1559 972 et

365 1005 539 1050 imaginem
562 1002 796 1047 sequebantur?
851 1012 891 1034 an
916 1012 954 1034 ex
981 999 1043 1032 hoc
1069 1010 1142 1032 eam
1170 999 1347 1032 virtuosam
1379 1009 1450 1032 esse
1473 996 1558 1031 dice-

365 1075 448 1104 mus,
472 1060 724 1106 amplectendam
744 1059 795 1093 vel
815 1057 1035 1103 diligendam?
1081 1056 1196 1090 falleris
1220 1065 1252 1090 et
1277 1056 1369 1096 fallis,
1393 1056 1439 1090 mi
1462 1055 1558 1089 Pere-

366 1122 466 1166 grine,
484 1122 509 1153 si
534 1119 632 1153 credis
655 1119 744 1162 sique
768 1118 815 1150 vis
840 1116 923 1150 credi
945 1126 978 1150 te
1008 1116 1102 1150 unius
1127 1115 1269 1148 mulieris
1293 1125 1415 1155 amore,
1439 1123 1476 1148 ut
1497 1113 1558 1148 sibi

366 1180 499 1224 placem,
522 1187 570 1211 tot
600 1188 631 1211 et
655 1186 756 1210 tantas
784 1185 963 1209 assecutum
983 1185 1052 1207 esse
1075 1174 1218 1207 virtutes.
1265 1181 1298 1206 et
1316 1183 1433 1217 yerum
1458 1171 1559 1206 finem

367 1238 519 1271 virtutum
538 1245 568 1269 et
592 1235 807 1268 humanorum
831 1242 971 1273 actuum,
991 1243 1054 1276 que
1072 1231 1142 1264 sola
1165 1230 1244 1265 fides
1265 1240 1297 1264 et
1320 1230 1490 1264 christiana
1512 1241 1560 1264 re-

367 1296 443 1339 ligio
459 1294 610 1328 revelavit
629 1302 660 1326 et
674 1292 792 1333 docuit,
809 1300 979 1336 postquam
991 1291 1035 1323 sic
1051 1290 1153 1330 iubes,
1166 1290 1326 1323 omittam.
1363 1289 1432 1334 ipsa
1447 1289 1558 1330 virtus,

368 1363 401 1387 ut
425 1353 569 1386 omnium
596 1350 766 1384 moralium
786 1349 929 1384 doen-ina
948 1349 1064 1382 clamat
1083 1358 1114 1382 et
1134 1347 1301 1388 admonet,
1316 1359 1371 1392 per
1389 1358 1424 1381 se
1443 1347 1559 1392 ipsam,

367 1423 434 1444 non
457 1419 583 1455 propter
602 1408 686 1443 aliud
709 1408 847 1442 amanda
869 1417 918 1441 est
936 1416 968 1441 et
991 1406 1031 1440 ad
1055 1407 1158 1451 ipsam
1182 1415 1230 1440 est
1251 1405 1406 1451 quicquid
1432 1405 1560 1450 agimus

366 1469 576 1503 referendum.
615 1468 682 1512 ipsa
695 1466 837 1511 quidem,
857 1475 892 1500 ut
908 1466 952 1499 illi
969 1465 1096 1506 volunt,
1111 1464 1170 1498 sibi
1189 1465 1308 1498 suimet
1323 1464 1485 1508 premium
1500 1471 1559 1504 est,

365 1538 547 1571 quanquam
581 1534 688 1559 noster
719 1525 881 1558 Homerus
912 1524 1008 1557 etiam
1032 1534 1145 1557 verum
1169 1521 1270 1556 finem
1302 1521 1483 1566 agnoverit,
1509 1521 1562 1555 in-

365 1586 476 1629 quiens
500 1594 532 1618 et
554 1585 742 1628 loquentem
762 1583 884 1616 Eneam
908 1582 947 1615 ad
969 1583 1117 1626 reginam
1133 1580 1441 1625 Carthaginensium
1459 1580 1560 1614 intro-

366 1643 501 1677 ducens:

577 1701 611 1728 Di
630 1701 686 1733 tibi,
705 1701 780 1736 siqua
799 1700 857 1736 pios
875 1705 1027 1734 respectant
1046 1699 1168 1732 numina,
1187 1698 1274 1734 siquid

578 1750 700 1786 Usquam
720 1750 825 1776 iusticia
841 1755 879 1776 est
897 1755 923 1775 et
941 1757 1017 1775 mens
1036 1748 1086 1775 sibi
1105 1748 1217 1776 conscia
1237 1747 1311 1781 recti,

577 1799 683 1826 Premia
701 1799 783 1834 digna
802 1797 889 1825 serant
907 1798 955 1826 &e
966 1797 1008 1825 (²).

369 1876 507 1910 ostendit
536 1876 623 1909 enim
656 1876 726 1916 iste,
758 1884 861 1919 preter
895 1874 1019 1908 virtutis
1049 1873 1206 1913 habitum,
1230 1873 1285 1917 qui
1316 1871 1430 1916 procul
1461 1869 1562 1905 dubio

370 1944 416 1967 est
435 1946 525 1967 mens
541 1933 599 1967 sibi
616 1933 742 1966 conscia
758 1933 845 1973 recti,
865 1931 951 1965 aliud
967 1943 1036 1965 esse
1057 1931 1182 1965 virtutis
1201 1929 1372 1975 premium,
1390 1927 1478 1973 quod
1493 1927 1562 1961 sola

369 2001 476 2037 posset
500 1991 647 2025 divinitas
671 1991 830 2024 adhibere.
878 2001 945 2023 non
968 1991 1065 2034 igitur
1091 1989 1131 2023 ad
1164 1989 1295 2022 alicuius
1318 1996 1460 2022 creature
1483 1986 1562 2020 dile·

370 2051 508 2084 ctionem
533 2049 688 2083 referendi
707 2059 782 2083 sunt
805 2058 893 2082 actus
913 2048 1058 2089 humani,
1082 2047 1138 2081 sed
1154 2047 1195 2080 ad
1213 2048 1316 2092 ipsam
1339 2047 1504 2087 virtutem,
1526 2054 1564 2079 ut

369 2108 444 2141 boni
457 2109 575 2149 simus3
596 2117 626 2141 et
645 2107 684 2141 ad
703 2107 895 2141 invisibilem
909 2107 1121 2147 divinitatem,
1137 2115 1173 2139 ut
1188 2105 1227 2139 ab
1243 2105 1295 2139 illa
1309 2105 1448 2148 recipere
1464 2103 1563 2148 digna

369 2167 487 2210 premia
507 2177 696 2199 mereamur.
743 2165 818 2199 tolle
841 2166 949 2210 igitur,
974 2165 1018 2198 mi
1042 2165 1224 2208 Peregrine,
1248 2163 1305 2197 tibi
1327 2163 1476 2197 velamen
1500 2162 1562 2196 hoc

370 2224 407 2257 ab
427 2224 536 2265 oculis,
561 2224 647 2269 quod
673 2233 706 2257 tu
734 2233 777 2265 te,
801 2236 876 2257 cum
904 2223 1086 2257 Iohannam
1110 2223 1206 2256 nimis
1231 2221 1347 2266 diligis,
1375 2232 1472 2265 super
1505 2230 1561 2254 tue

369 2283 484 2316 mentis
500 2282 611 2316 faciem
629 2282 797 2316 adduxisti.
835 2282 884 2316 vis
903 2290 1010 2316 autem
1026 2281 1134 2315 videre
1147 2292 1246 2325 quam
1266 2291 1341 2314 vera
1359 2279 1469 2314 dicas?
1509 2279 1559 2312 vis

422 2383 443 2399 2.
457 2377 500 2400 Sul
512 2384 524 2399 c
538 2377 564 2399 di
576 2377 608 2400 sic
623 2378 848 2406 un’abbreviafione,
864 2377 1054 2406 quasiche'fosse
1069 2382 1084 2398 a
1098 2377 1199 2405 leggere
1212 2376 1272 2398 sieut
1326 2381 1366 2401 ²4-
1381 2374 1438 2398 σοι
1454 2373 1542 2396 imtitie
1559 2383 1562 2385 *

407 2469 449 2504 (ι)
467 2470 500 2496 Α.
517 2470 603 2497 Gau..
622 2471 694 2498 Noct.
710 2470 763 2497 Au.
781 2470 801 2503 I,
822 2478 882 2502 vm,
897 2478 919 2504 5.
1019 2470 1063 2504 (2)
1081 2469 1172 2496 Vane.
1190 2470 1254 2496 Aen>
1274 2468 1295 2502 1,
1307 2467 1431 2504 603-605.

1589 956 1629 980 10

1590 1243 1627 1276 15

1588 1806 1632 1840 ²5

1590 2115 1633 2148 30
