1682 2762
128 357 139 370 e
153 349 233 369 Catone
251 348 265 368 il
285 347 338 368 Cen-

127 383 176 396 sore
190 376 272 396 uffermn
284 381 340 394 cuer

128 409 207 423 somma
217 402 263 422 lode
273 402 297 421 nd
311 408 339 420 un

128 429 260 450 onest'uomo
268 427 339 447 ildirio

128 456 210 476 valente
226 454 339 482 ngricolto-

129 489 157 503 re,

156 690 173 710 E
193 691 211 710 ai
231 689 268 710 che
313 694 339 708 an

131 724 180 738 cosa
208 722 242 736 ern
273 722 284 735 n
302 721 339 734 ora

130 750 178 764 aver
190 749 251 763 nome
262 742 282 762 di
292 748 340 762 oue-

130 770 227 791 n'uomo
238 769 243 788 1

171 982 248 1003 poiche
283 985 342 1001 tanto

132 1010 204 1030 s'ebbe
226 1009 306 1035 dunque
322 1007 342 1027 in

133 1043 199 1057 onore
229 1033 344 1061 l'ngricol-

133 1069 179 1084 tura
188 1063 210 1083 in
219 1062 293 1085 Roma,
302 1061 343 1087 pub

133 1090 187 1110 dani
202 1089 239 1109 ebe
255 1087 343 1107 Camillo

133 1116 209 1136 l'nbbin
225 1115 344 1138 esercitnn,

135 1143 211 1163 sebben
223 1141 317 1161 mnuchin
325 1140 345 1159 di

135 1170 168 1190 ιίὸ
183 1168 294 1191 testimoni,
306 1173 345 1187 ove

135 1197 152 1216 si
158 1195 246 1216 eccettui
254 1194 343 1218 Lucano,

140 1555 156 1576 il
169 1560 230 1582 pauo
243 1553 276 1573 del
289 1552 350 1584 finale

140 1586 262 1602 rettamente
289 1585 349 1599 inter·

141 1612 228 1636 pret-to,
234 1614 245 1627 e
253 1613 295 1627 non
303 1612 351 1626 con-

142 1635 202 1655 dono
221 1641 232 1654 n
247 1634 278 1653 dir
299 1632 351 1652 altro

141 1662 168 1682 da
175 1661 221 1688 quel
231 1661 268 1681 che
277 1666 351 1683 sunna,

368 219 428 252 172
785 208 1130 238 EPISTOLARIO

365 341 436 381 fuit,
451 338 549 383 quod,
573 338 655 370 sicut
670 335 776 369 Portie
795 334 901 378 gentis
921 341 1042 372 auctor,
1062 331 1224 365 censorius
1249 331 1332 365 Cato
1351 329 1469 371 scribit,
1489 342 1555 363 ma-

366 399 449 432 iores
469 397 580 436 nostri,
593 404 627 428 ut
642 395 708 427 eius
722 392 817 426 verba
828 391 973 430 referam,
987 391 1092 423 virum
1107 389 1242 430 bonum,
1261 400 1358 432 quem
1374 387 1557 429 laudabant,

367 457 411 489 ita
433 453 603 488 laudabant
627 452 750 485 bonurn
775 449 948 493 agricolam
968 448 1154 491 bonumque
1175 447 1338 480 colonum.
1386 455 1417 479 et
1432 445 1555 479 subdit:

368 512 563 556 amplissime
579 509 698 543 laudari
713 507 951 542 existimabatur
966 506 1020 550 qui
1039 506 1083 539 ita
1101 504 1295 538 laudabatur.
1342 503 1402 537 hec
1414 504 1497 538 Cato
1505 503 1557 545 (¹);

368 581 468 614 usque
492 568 572 602 adeo
603 578 670 600 non
694 566 768 605 vile,
792 565 848 598 sed
880 564 1150 608 gloriosissimum
1180 562 1353 596 ducebatur
1385 561 1558 605 agricolam

367 641 447 669 esse,
470 627 559 672 quod
582 637 650 659 non
666 624 800 658 minoris
824 622 926 657 laudis
945 630 1028 655 esset
1047 621 1108 655 dici
1125 620 1250 654 bonum
1269 619 1442 664 agricolam
1460 629 1560 663 quam

369 687 473 720 virum
498 685 631 718 bonum.
695 682 783 727 quod
815 681 896 715 adeo
920 691 1078 724 magnum
1101 687 1134 712 et
1166 678 1341 712 honestum
1372 686 1448 717 erat,
1472 675 1561 721 quod

370 751 551 787 assumptus
574 742 607 774 in
630 740 768 774 iudicem
791 731 839 772 vir
872 738 1047 771 consularis
1082 736 1219 770 Fimbria
1246 735 1440 780 sponsionis,
1463 745 1561 778 quam

370 803 416 835 M.
430 801 575 834 Lutatius
592 798 707 842 Pythia
722 797 838 831 fecerat
850 796 876 829 si
887 796 935 829 vir
953 795 1057 828 bonus
1074 805 1141 827 non
1157 792 1358 834 iudicaretur,
1371 803 1439 826 non
1455 791 1562 825 solum

370 871 411 893 ne
434 858 609 897 Lutatium,
625 855 829 899 integerrime
853 853 938 887 farne
958 853 1074 892 civem,
1089 851 1167 885 boni
1181 851 1240 885 viri
1254 851 1389 884 nomine
1402 849 1562 894 spoliaret,

370 917 426 951 sed
442 917 549 956 etiam,
565 926 605 948 ne
624 915 795 958 quicquam
811 922 931 946 temere
951 909 1107 944 affirmare
1127 909 1291 948 diceretur,
1307 909 1412 942 virum
1428 907 1563 949 bonum,

370 986 433 1019 que
447 985 496 1007 res
511 971 643 1006 infinitis
660 979 819 1004 constaret
837 969 968 1009 meritis,
989 967 1094 1005 noluit
1116 966 1255 1001 iudicare
1267 966 1311 1000 (²).
1350 966 1492 1000 maxima
1514 977 1564 999 res

372 1032 455 1077 apud
477 1031 548 1064 illos
572 1029 762 1073 agricultura
781 1027 852 1068 fuit,
872 1025 1134 1071 quandoquidem
1149 1025 1220 1059 viro
1239 1024 1326 1058 bono
1350 1023 1496 1058 laudibus
1514 1034 1566 1057 co-

371 1091 439 1124 loni
469 1090 557 1122 iuxta
590 1087 724 1121 Catonis
754 1085 977 1119 testimonium
1008 1092 1216 1128 equarentur;
1243 1091 1280 1116 ut
1311 1094 1379 1116 non
1408 1090 1567 1127 repugnet

372 1149 460 1182 iuxta
489 1156 672 1190 temporum
697 1143 881 1188 qualitatem
906 1141 1083 1176 Camillum
1107 1150 1138 1175 et
1167 1140 1357 1174 dictatorem
1383 1149 1512 1174 sextum
1534 1147 1568 1173 et

373 1205 559 1240 multotiens
589 1205 783 1247 interregem
810 1211 842 1235 et
871 1200 1036 1235 tribunum
1063 1199 1212 1239 rnilitum,
1233 1198 1391 1232 consulari
1411 1205 1566 1243 potestate

373 1263 548 1308 septimum
562 1270 593 1295 et
609 1261 776 1305 patricium
799 1270 1029 1302 summumque
1049 1266 1242 1297 senatorem,
1262 1258 1359 1291 etiam
1379 1255 1568 1301 agricolatu,

373 1322 448 1355 licet
471 1319 641 1353 auctoritas
658 1318 738 1351 desit
753 1326 857 1361 preter
873 1316 996 1350 Lucani
1016 1314 1208 1348 versiculum
1230 1325 1329 1358 quem
1345 1313 1473 1358 allegas,
1493 1323 1569 1357 ope-

374 1390 444 1413 ram
458 1376 663 1422 impendisse.
710 1385 741 1409 et
757 1384 792 1408 ut
806 1385 900 1418 super
915 1373 978 1407 hoc
992 1373 1186 1407 sententiam
1200 1372 1316 1405 habeas
1332 1383 1450 1412 meam,
1461 1370 1568 1412 credo,

376 1437 511 1482 quanvis
539 1446 607 1468 non
630 1435 742 1468 innuat
765 1432 798 1467 id
826 1433 947 1473 Livius,
972 1432 1104 1465 Lucano
1128 1439 1218 1471 teste,
1237 1428 1325 1474 quod
1348 1428 1570 1474 agricolationi

376 1495 470 1529 fuerit
499 1495 651 1533 intentus,
675 1490 938 1536 quandoquidem
961 1501 1001 1523 eo
1032 1498 1109 1523 tunc
1132 1489 1284 1532 temporis
1308 1497 1375 1522 erat
1384 1498 1452 1521 non
1475 1487 1571 1531 igno-

378 1553 490 1593 minie,
508 1551 564 1585 sed
583 1551 696 1596 glorie,
712 1561 843 1593 nonque
860 1547 1018 1587 dedecori,
1034 1547 1090 1580 sed
1103 1546 1230 1579 honori.
1277 1558 1336 1579 nec
1350 1546 1572 1590 interpretetur

379 1610 501 1653 aliquis,
525 1617 560 1642 ut
592 1618 667 1641 sunt
697 1606 912 1651 pervicacium
946 1605 1088 1650 ingenia,
1111 1615 1151 1637 eo
1175 1603 1263 1649 quod
1287 1614 1363 1648 ager
1395 1612 1427 1636 et
1453 1601 1572 1636 fundus

378 1669 549 1701 instructus
574 1665 702 1700 Camilli
725 1664 829 1705 fuerit,
853 1664 1021 1697 Lucanum
1044 1662 1176 1696 dixisse:

736 1738 763 1759 et
781 1731 918 1767 quondam
938 1731 1005 1757 duro
1024 1730 1128 1757 sulcata
1147 1729 1260 1756 Camilli

629 1782 764 1814 Vomere;

381 1851 470 1894 quasi
488 1850 528 1883 sit
546 1860 672 1883 sensus:
693 1859 765 1881 rura
781 1846 909 1881 Camilli
925 1846 1043 1880 sulcata
1061 1857 1122 1879 suo
1138 1856 1282 1885 vomere,
1301 1856 1369 1878 non
1387 1854 1445 1878 sua
1463 1854 1573 1884 manu,

382 1908 438 1942 sed
462 1919 592 1942 vomere
617 1919 687 1941 suo.
733 1906 799 1951 pari
823 1905 953 1950 quidem
977 1905 1099 1938 ratione
1123 1903 1185 1938 dici
1208 1912 1316 1947 posset
1329 1901 1575 1946 intelligendum

382 1978 451 2000 esse
474 1966 561 2011 quod
586 1966 746 2010 sequitur:

629 2034 663 2060 Et
680 2033 807 2068 antiquos
826 2031 975 2059 Curiorum
994 2038 1074 2067 passa
1092 2029 1198 2065 ligones
1210 2028 1265 2061 (³);

438 2135 459 2157 3.
474 2127 531 2150 Cod.
545 2128 597 2150 bon.
613 2126 700 2148 laudab.
784 2132 817 2149 ιι.
832 2126 871 2154 ne]
887 2124 942 2147 Cod.
958 2127 983 2146 ut
1023 2123 1079 2146 Cod.
1090 2125 1176 2145 omene
1189 2126 1285 2150 temere,
1306 2122 1348 2143 che
1362 2119 1376 2143 e*
1390 2120 1523 2143 neceuario
1533 2126 1579 2149 per

383 2169 402 2190 i!
414 2174 489 2190 senso.
546 2173 582 2195 ¹4·
598 2166 654 2189 Coei.
670 2170 789 2195 equaretur
853 2166 888 2188 ¹8.
904 2165 959 2187 Cod.
973 2164 1033 2192 dopo
1047 2162 1171 2185 auctoritas
1182 2168 1245 2191 pone
1259 2168 1290 2184 uu
1301 2162 1380 2191 primo
1394 2164 1475 2189 preter,
1490 2161 1533 2182 che
1547 2161 1579 2183 Ιιο

382 2214 512 2236 suppresso.
586 2213 621 2235 ¹9⁴
636 2207 702 2235 Dopo
716 2205 783 2228 credo
798 2205 848 2228 cod.
863 2205 896 2227 da
910 2210 971 2232 cum,
986 2204 1018 2226 da
1033 2209 1068 2224 me
1082 2208 1215 2231 soppreuo.
1287 2207 1325 2231 ²3-
1340 2201 1396 2224 Cod.
1424 2199 1579 2229 parvtcacium

383 2254 420 2276 25-
434 2247 489 2270 Cod.
505 2247 593 2269 sulcato
648 2252 682 2274 27.
698 2246 755 2268 Cod.
770 2245 804 2273 εἰς
818 2245 838 2267 il
849 2248 859 2267 t
873 2245 996 2274 aggiunlo
1011 2244 1036 2266 in
1050 2243 1186 2265 intertium.

420 2338 462 2372 (1)
481 2338 518 2364 M.
537 2337 625 2365 Pone.
645 2338 739 2371 Cri-ro,
758 2338 797 2364 De
812 2346 838 2364 re
853 2337 956 2369 rustica,

1038 2335 1081 2371 (2)
1098 2335 1213 2364 CLVAL.
1220 2333 1293 2362 Max.
1299 2342 1343 2370 op.
1351 2331 1456 2366 eit.V11,
1461 2339 1491 2366 ιι,
1497 2337 1549 2359 ext.
1554 2339 1580 2365 4.

385 2380 405 2406 Ρ
413 2388 426 2406 r
435 2389 451 2406 o
460 2388 476 2407 o
485 2389 499 2423 e
507 2389 533 2406 m
543 2400 549 2407 .

1041 2378 1084 2414 (3)
1104 2378 1173 2405 Luc.
1192 2377 1279 2405 Phars.
1298 2376 1320 2409 1,
1338 2374 1448 2410 168-69.

1593 855 1632 880 10

1596 1147 1633 1180 15

1597 1435 1639 1460 20

1599 1728 1640 1762 25

1565 1997 1646 2061 .3o
