1682 2762
124 377 180 397 Nina
193 377 273 397 dubbio
285 378 315 397 in-

97 410 148 424 vero
160 404 198 424 che
211 412 221 422 ι
228 405 292 431 strige
301 412 310 422 n

96 431 134 455 sin,
158 438 216 451 come
233 431 317 451 afferma

97 458 218 485 Uguccione

97 505 108 518 e
119 499 257 519 confer-mano
272 498 314 518 Lu-

96 532 149 546 enno

99 649 110 662 e
125 642 211 665 Seneca,

99 1079 127 1093 un
137 1072 218 1093 uccello
231 1077 312 1093 ποιων-

99 1107 135 1125 uo,
150 1100 170 1120 di
186 1101 219 1120 cui
234 1100 253 1120 le
268 1100 313 1119 mi-

99 1127 124 1147 dn
158 1126 176 1147 ε’
188 1127 312 1154 interpretari

99 1160 158 1174 come
173 1154 232 1174 trine
245 1160 314 1180 preu-

99 1181 136 1208 gio
157 1181 177 1201 di
198 1181 267 1201 dunno
282 1180 313 1200 fu-

100 1213 148 1228 turo
155 1214 162 1233 3
170 1207 203 1228 nel
211 1207 269 1235 qunle
279 1214 314 1228 ιν-

100 1236 146 1255 vito
180 1235 314 1255 concor-dano

101 1261 179 1282 l'autor
195 1261 228 1281 del
245 1268 313 1282 carme

102 1288 131 1309 De
146 1288 261 1313 Philomela,

102 1410 171 1438 quello
187 1410 219 1430 del
236 1410 315 1431 Glana-

102 1438 139 1462 ηὀ,
154 1438 207 1458 onde
229 1438 240 1458 ὲ
262 1437 314 1457 deri-

102 1470 151 1485 vno
169 1464 184 1485 11
203 1464 278 1485 lessieo
296 1463 316 1484 dl

103 1491 173 1519 Papia,

347 248 411 280 590
774 244 1119 273 EPISTOLARIO

345 371 464 404 laxatas
484 371 607 412 emittit,
622 380 657 404 ut
673 381 767 404 canes
787 370 933 404 vulneret
950 371 1156 415 insequentes
1169 370 1214 404 (¹).
1261 383 1336 404 nam
1356 370 1444 416 quod
1464 371 1549 416 pisa-

344 441 424 463 num
442 430 666 463 Derivatorem
691 429 736 462 ais
755 428 836 462 velle
856 428 944 473 quod
973 429 1049 462 strix
1077 437 1234 463 nocturna
1260 430 1301 463 sit
1324 430 1391 462 avis
1403 429 1450 471 (²),
1474 441 1546 475 pro-

343 487 494 522 culdubio
511 499 624 521 verum
649 495 710 528 est;
735 486 822 521 unde
848 487 1015 521 Lucanus:

521 558 604 591 Quod
624 558 743 594 trepidus
762 558 843 591 bubo,
862 557 936 594 quod
956 558 1019 585 strix
1039 564 1179 587 nocturna.
1191 564 1340 594 queruntur
1352 558 1404 591 (3);

341 642 373 666 et
398 633 444 666 M.
462 632 497 665 L.
523 633 657 666 Anneus
681 632 806 665 Seneca
829 632 862 665 in
886 632 911 665 F
924 641 1073 666 urente
1099 631 1193 666 dixit:

577 709 724 745 Omenque
742 709 816 736 triste
835 715 944 736 resonat
963 708 1078 736 infauste
1097 709 1187 744 strigis
1197 708 1240 736 (4).

340 796 399 818 nec
419 793 521 829 putes,
539 793 574 818 ut
597 784 814 818 communiter
836 784 922 818 Tra
930 784 1158 829 gediarum
1181 793 1280 818 testus
1306 783 1434 824 habent,
1458 792 1547 828 sty-

339 842 447 886 gis(⁵)
471 842 514 876 ibi
538 843 601 887 legi
627 842 752 883 debere,
778 853 845 876 non
869 843 1037 887 strigis.
1083 842 1177 887 plane
1196 842 1327 887 quidem
1351 843 1385 876 in
1413 843 1546 888 antiquo

340 901 517 942 volumine,
541 901 630 946 quod
653 902 685 935 in
710 913 826 935 manus
850 901 940 935 venit
973 899 1071 943 rrieas,
1097 901 1252 946 strigis
1285 900 1402 946 legitur
1425 911 1457 936 et
1479 913 1547 941 non

340 960 483 1004 stygis;
504 959 592 1004 quod
611 969 644 993 et
662 971 777 993 verum
797 969 829 993 et
849 960 1095 994 convenientius
1112 971 1182 993 esse
1197 959 1360 994 declarant
1382 959 1435 994 illa
1453 959 1549 994 verba

341 1029 465 1051 omen
495 1018 549 1052 tri
563 1026 626 1052 ste
655 1028 843 1059 resonat,
867 1030 930 1064 que
953 1019 1049 1052 tacito
1079 1018 1181 1063 Stigie
1204 1018 1327 1063 paludis
1350 1017 1435 1053 vado
1458 1018 1548 1053 nullo

341 1076 442 1110 modo
467 1085 614 1121 possunt,
631 1077 657 1110 si
680 1086 764 1110 recte
784 1076 950 1121 solideque
969 1077 1128 1121 respicias,
1149 1078 1334 1117 convenire,
1351 1088 1424 1111 cum
1445 1077 1547 1111 oscini

341 1135 475 1176 volucri,
491 1147 618 1180 queque
636 1136 675 1169 sit
692 1135 851 1176 ominosa,
869 1135 952 1168 sicut
971 1135 1120 1169 Lucanus
1139 1135 1254 1176 innuit,
1269 1135 1431 1180 aptissime
1447 1146 1548 1180 copu-

341 1194 455 1228 lentur.
504 1195 553 1228 cui
578 1195 622 1228 rei
647 1195 736 1228 testis
760 1203 808 1228 est
831 1194 1032 1228 Philomenis
1058 1206 1198 1235 carmen,
1216 1193 1304 1239 quod
1328 1194 1546 1229 communiter

340 1261 504 1297 reputatur
529 1252 642 1286 Ovidii
654 1252 700 1286 (⁶).
748 1252 824 1286 dicit
847 1253 954 1286 enim:

576 1329 651 1356 Strix
666 1336 800 1357 nocturna
817 1338 920 1357 sonans
936 1336 963 1357 et
977 1329 1132 1365 vespertilio
1147 1329 1263 1357 stridunt
1272 1329 1316 1357 (7).

344 1417 420 1440 nam
436 1415 467 1440 et
483 1406 685 1440 Glossarii
710 1406 816 1440 liber
839 1406 1049 1447 maximus,
1064 1405 1151 1440 unde
1167 1415 1314 1450 sumptus
1330 1414 1378 1440 est
1393 1406 1463 1440 sine
1479 1405 1545 1439 du-

344 1463 498 1498 bitatione
517 1464 630 1508 Papias
642 1464 687 1505 (⁸),
711 1464 794 1498 sicut
817 1473 848 1498 et
871 1463 956 1508 apud
979 1473 1147 1508 sumptum
1166 1463 1291 1508 legitur,
1315 1463 1439 1497 scribit:
1463 1464 1543 1498 strix

400 1561 417 1577 1.
431 1556 449 1578 A
464 1554 566 1586 emifittit

344 1602 359 1618 a
374 1595 436 1625 quod
451 1602 481 1618 un
496 1603 508 1618 e
523 1598 627 1624 espunlo.

344 1641 410 1659 sonat

620 1560 641 1576 2.
661 1553 679 1576 Α
693 1553 744 1576 avie
799 1554 822 1576 8.
838 1552 868 1575 1³¹
883 1553 987 1583 equidem
1029 1559 1052 1582 9.
1066 1551 1097 1575 1³¹
1111 1555 1198 1576 omene
1211 1558 1257 1575 non

685 1602 717 1618 ιι.
733 1594 764 1618 1²¹
779 1595 868 1624 plaudis

1322 1559 1359 1575 ιο.
1372 1552 1391 1575 Α
1405 1551 1437 1575 dd
1451 1553 1477 1575 in

925 1593 1023 1618 12.AP¹
1034 1594 1112 1617 oscine
1153 1601 1205 1636 ι14.
1216 1592 1273 1616 ,41³¹
1289 1593 1430 1616 Philumene·
1478 1553 1551 1617 Ἠ

380 1705 423 1740 (1)
442 1705 509 1732 Ism.
529 1705 635 1740 Etymol.
660 1704 720 1738 XII,
739 1712 770 1737 11,
792 1712 833 1740 35.
879 1704 925 1730 Isi·
1006 1704 1049 1739 (3)
1066 1703 1135 1731 Luc.
1154 1703 1241 1730 Pbars.
1262 1701 1310 1735 VI,
1329 1701 1392 1738 689.

344 1748 411 1775 doro
430 1749 516 1775 scrive
541 1748 741 1775 naturalmente
763 1747 923 1779 «histrixn3

344 1799 389 1816 ma
407 1790 427 1816 il
452 1790 554 1823 codice,
578 1789 604 1816 di
623 1790 665 1816 cui
684 1789 760 1816 s'era
786 1790 886 1816 servito
905 1789 923 1815 il

345 1831 487 1865 Manfredi,
506 1838 629 1868 portava,
651 1840 666 1858 a
686 1838 788 1867 quanto
806 1831 924 1864 sembra,

345 1875 371 1902 la
390 1880 510 1902 con-otta
528 1874 633 1901 lezione
654 1885 668 1900 r<
679 1875 780 1902 strix».

380 1918 422 1952 (2)
442 1917 542 1944 Allude
563 1917 596 1944 ad
620 1917 782 1952 Uguccione
801 1917 834 1944 da
853 1917 924 1950 Pisa,

345 1958 363 1985 il
388 1958 467 1994 quale
495 1957 582 1985 infatti
610 1958 682 1985 nelle
710 1967 758 1985 sue
786 1959 923 1985 Verborum

344 2001 508 2028 derivationes
527 2007 600 2028 sotto
621 2001 646 2028 la
675 2009 742 2028 voce
771 2001 923 2034 strideo,

345 2043 481 2080 copiando
500 2043 603 2070 Isidoro
616 2044 712 2079 (Etym.
726 2043 786 2076 XII,
803 2050 852 2076 vu,
866 2043 923 2077 42),

344 2086 465 2122 postilla:
478 2096 492 2111 (τ
502 2086 553 2113 hec
565 2086 639 2119 strix,
648 2086 712 2121 -gis‚
725 2091 856 2112 nocturna
867 2086 924 2112 avis

347 2140 360 2155 α
371 2130 404 2156 de
414 2138 483 2156 sono
494 2129 569 2156 vocis
580 2129 618 2156 sic
629 2129 713 2156 dicta:
727 2129 835 2165 quando
849 2128 923 2155 enim

346 2182 360 2198 «
372 2172 479 2205 clamat,
506 2171 599 2199 stridet
627 2174 675 2199 διε.
689 2182 704 2197 w
718 2181 725 2204 ;
753 2172 815 2200 cod.
844 2171 924 2198 Laur.

346 2214 428 2241 Santa
444 2214 542 2246 Croce,
556 2214 613 2240 Sin.
630 2213 744 2247 XXVII,
763 2222 785 2247 1,
801 2222 824 2240 c.
837 2221 890 2249 409
900 2221 924 2240 n.

346 2257 380 2283 Di
394 2257 557 2292 Uguccione
567 2265 610 2283 ser
624 2256 715 2284 Guido
726 2257 874 2292 possedeva
887 2265 924 2283 un

346 2299 497 2335 esemplare
525 2299 559 2326 da
590 2299 626 2326 lui
653 2305 740 2326 stesso
771 2299 923 2326 dichiarato

348 2341 524 2369 «bellissimo
536 2352 564 2375 »;
586 2341 620 2369 cf.
637 2341 672 2368 G.
692 2342 813 2374 SronzA,
830 2342 924 2369 Franc.

346 2384 378 2411 da
388 2385 547 2412 Pietrasanta
561 2385 589 2411 in
610 2384 701 2412 Giorn.
717 2384 852 2420 Ligustico,
863 2383 925 2417 XII,

349 2427 425 2463 1892.

1006 1746 1048 1780 (4)
1069 1745 1135 1772 SEN.
1159 1745 1235 1780 Trag.
1255 1744 1359 1772 Herc.
1378 1743 1445 1772 fur.
1463 1742 1526 1780 69².

1006 1788 1048 1823 (5)
1068 1788 1089 1814 E
1108 1787 1162 1814 tale
1188 1788 1203 1814 ὲ
1227 1787 1256 1814 in
1282 1786 1367 1813 realtfi
1385 1786 1412 1813 la
1431 1786 1548 1822 genuina

970 1831 1086 1864 lezione,
1095 1830 1193 1866 perche
1200 1829 1264 1857 niun
1274 1829 1366 1856 codice
1373 1829 1463 1856 antico
1470 1828 1550 1864 legge

972 1882 986 1897 «
997 1872 1088 1908 strigis
1097 1882 1124 1899 ».

1006 1914 1048 1949 (6)
1062 1913 1197 1941 Coluccio
1213 1913 1249 1940 ha
1261 1912 1476 1949 probabilmente
1489 1919 1550 1939 cre—

970 1957 1036 1984 duto
1047 1957 1098 1983 che
1109 1956 1135 1983 la
1147 1956 1241 1992 parola
1253 1965 1268 1981 α
1278 1954 1430 1982 Philomela
1441 1965 1468 1987 ι,
1478 1954 1548 1982 ch'ei

970 1999 1085 2034 leggeva
1105 1998 1178 2025 forse
1199 2003 1317 2025 corrotta
1335 1997 1363 2024 in
1383 1996 1551 2024 «Philome-

971 2050 985 2066 α
997 2049 1069 2067 nes»
1091 2041 1119 2067 in
1138 2040 1225 2068 fronte
1243 2039 1270 2067 al
1293 2039 1440 2067 notissimo
1460 2046 1551 2066 carme

970 2083 1041 2110 della
1053 2083 1216 2110 decadenza:
1235 2092 1250 2108 et
1262 2081 1357 2109 Dulcis
1376 2081 1463 2108 amica
1475 2080 1551 2114 veni,

970 2136 985 2151 α
996 2126 1084 2152 noctis
1096 2125 1192 2152 solatia
1212 2131 1349 2161 praestans
1361 2135 1385 2157 n,
1404 2123 1478 2151 fosse
1493 2131 1550 2150 non

970 2169 1015 2203 gia
1027 2168 1047 2195 il
1061 2168 1141 2195 titolo
1157 2167 1200 2195 del
1216 2167 1453 2203 componimento,
1470 2173 1516 2193 ma
1530 2164 1551 2192 il

969 2220 1054 2238 nome
1074 2210 1117 2237 del
1135 2219 1201 2237 vero
1220 2217 1314 2237 autore
1333 2209 1360 2236 di
1380 2217 1450 2236 esso.

1005 2254 1048 2289 (7)
1060 2254 1099 2281 De
1112 2253 1249 2280 Philomela
1261 2262 1286 2280 v.
1300 2260 1332 2288 39
1345 2252 1373 2279 in
1386 2252 1549 2284 Bummns,

970 2298 1059 2325 Poetae
1078 2297 1122 2324 lat.
1142 2298 1234 2323 minor.
1253 2295 1287 2328 V,
1307 2303 1366 2328 un,
1387 2293 1447 2331 365.

1005 2341 1048 2376 (8)
1067 2341 1119 2367 Per
1137 2340 1146 2367 i
1164 2339 1284 2376 rapporti
1303 2338 1348 2366 del
1367 2338 1444 2366 Liber
1460 2337 1551 2373 glossa-

970 2393 1028 2411 rum
1043 2391 1098 2410 con
1113 2383 1196 2418 Papia
1209 2391 1234 2409 v.
1245 2381 1271 2409 la
1283 2387 1348 2408 nota
1364 2380 1409 2408 all’
1421 2388 1492 2416 εμπ
1505 2379 1550 2407 del

970 2426 1014 2453 lib.
1029 2426 1076 2460 IX,
1091 2435 1117 2462 p.
1133 2425 1149 2452 8
1164 2425 1192 2452 di
1207 2430 1303 2461 questo
1318 2423 1441 2452 volume<

1579 975 1620 1001 10

1581 1267 1619 1301 15
