1708 2774
109 947 149 972 10

463 290 512 318 1³1
544 288 806 318 COLUCCIO
837 289 1107 318 SALUTATI.
1341 291 1383 325 27

180 413 361 448 veritatem.
408 413 472 448 iam
496 413 584 447 enim
611 424 678 448 non
705 413 829 455 asseris,
847 413 905 448 sed
924 412 1079 448 arbitraris
1103 423 1172 448 non
1195 412 1382 454 honestum,

181 470 239 506 sed
261 470 528 516 supportandum,
550 470 639 516 quod
663 471 703 506 ad
726 471 926 517 voluptatem
951 483 1019 506 non
1048 483 1136 506 ames
1160 480 1256 517 atque
1278 471 1383 506 libidi-

180 540 269 564 nem.
315 540 446 574 possem
474 538 506 564 te
530 540 589 574 pro
613 541 700 564 nunc
731 539 787 564 tue
813 529 992 575 relinquere
1023 529 1182 574 opinioni,
1205 529 1278 571 nisi,
1300 529 1384 564 inter

180 598 295 622 verum
315 596 347 622 et
369 586 486 621 salsum
510 587 647 628 medius,
671 587 794 622 facilius
817 587 914 629 unde,
929 598 1028 632 quam
1044 587 1190 633 quoiam
1207 587 1321 622 ductus
1336 599 1382 629 es,

178 646 370 681 inclinabilis
393 657 490 681 essee.
546 656 675 692 oportet
696 648 803 692 igitur,
826 659 869 681 ne
893 646 932 682 ad
961 646 1106 682 falsitatis
1135 646 1281 682 tenebras
1311 647 1382 682 luce

179 705 279 740 nimia
301 705 444 740 veritatis
472 706 599 740 ten-inas
626 705 749 746 redeas,
773 705 879 740 adhuc
902 705 1062 750 paulisper
1085 706 1188 751 ipsam
1212 705 1383 740 ostendere

177 763 349 798 veritatem
370 754 547 808 oculosque
566 772 640 798 tuos
663 763 738 798 huic
754 763 867 798 lumini
884 763 1036 808 paulatim
1053 763 1262 798 admovendo
1276 775 1383 799 assue-

177 821 290 857 facere.
335 833 430 866 spero
445 821 578 866 quidem
593 820 725 856 tandem
740 831 772 856 te
791 831 907 856 cuncta
925 823 1081 863 visurum,
1099 823 1228 856 invictis
1244 822 1382 857 subnixa

174 878 365 921 rationibus,
388 888 421 914 et
443 878 581 914 finaliter
603 891 804 914 reversurum
827 880 861 914 in
885 880 984 914 viam.

243 939 344 972 Amas
371 938 469 983 igitur
497 947 586 972 tuam
617 937 809 979 Iohannam,
836 949 904 973 non
935 938 975 972 ad
1004 938 1219 983 voluptatem,
1242 939 1298 973 sed
1322 951 1380 984 pro

175 996 295 1031 mentis
323 997 530 1031 recreatione.
583 996 641 1031 sed
667 995 744 1037 fare,
767 1008 896 1042 precor:
925 996 1003 1042 quid
1030 997 1117 1032 aliud
1145 1006 1195 1031 est
1220 998 1379 1043 voluptas,
1408 997 1523 1045 ,uxs‘b‘
1556 998 1623 1046 11ῗό-

173 1066 272 1100 quam
297 1054 350 1089 illa
375 1054 546 1089 delectatio
571 1062 670 1100 quam
700 1054 823 1100 adeptis
853 1066 918 1100 que
949 1054 1138 1090 volebamus
1165 1057 1380 1098 assumimus;
1406 1026 1624 1101 {flodffiffi

173 1112 261 1148 unde
280 1124 298 1146 a
314 1112 457 1147 volendo
473 1112 742 1158 adipiscendoque
761 1113 910 1158 voluptas
927 1113 1011 1148 dicta
1025 1123 1075 1147 est
1086 1113 1143 1147 ?(¹)
1189 1123 1220 1148 at
1238 1123 1285 1155 tu,
1299 1113 1378 1148 dum

173 1170 355 1206 Iohannam
378 1170 478 1212 vides,
498 1171 581 1205 sicut
598 1170 712 1216 adepta
726 1182 761 1205 re
779 1182 878 1216 quam
897 1171 1040 1213 volebas,
1061 1183 1171 1206 nonne
1190 1172 1380 1207 delectaris?

171 1237 220 1263 eet
241 1229 340 1275 igitur
360 1238 435 1264 tuus
458 1229 511 1264 hic
533 1229 669 1264 intuitus
691 1230 761 1264 sine
790 1229 989 1265 dubitatione
1012 1230 1171 1275 voluptas.
1219 1230 1302 1265 hanc
1325 1241 1380 1265 so·
1433 1233 1462 1254 ¹-
1475 1234 1595 1264 mah-s

171 1286 249 1329 lent,
262 1296 297 1322 ut
319 1286 415 1322 refert
430 1287 546 1323 Cicero
555 1287 601 1329 (²),
620 1288 712 1323 stoici
733 1287 869 1324 diffinire
891 1287 1108 1323 sublationem
1130 1289 1229 1324 animi
1245 1291 1314 1324 sine
1330 1300 1379 1323 ra-
1405 1288 1620 1343 muhfflfflffl

170 1345 262 1379 tione
275 1344 438 1390 opinantis
452 1355 487 1379 se
501 1355 625 1390 magno
641 1344 730 1380 bono
753 1345 824 1380 frui.
872 1345 935 1380 hoc
953 1355 1064 1380 autem
1079 1346 1200 1391 opinari
1215 1357 1281 1380 non
1298 1355 1378 1392 puto

169 1402 258 1449 quod
277 1414 388 1448 neges,
412 1414 488 1438 cum
513 1403 694 1438 lohannam
717 1403 807 1438 vides
830 1413 937 1446 tuam;
962 1413 1038 1439 tunc
1069 1405 1169 1446 enim,
1194 1414 1230 1440 nt
1253 1407 1377 1447 asseris,

169 1470 279 1496 mente
298 1461 467 1503 recreari„
490 1471 523 1497 et
545 1461 586 1497 ad
609 1461 697 1497 hunc
720 1471 828 1497 actum
851 1473 924 1497 eam
950 1474 1051 1504 amas,
1071 1475 1138 1498 non
1158 1463 1198 1498 ad
1217 1464 1320 1498 carnis
1339 1464 1376 1498 li-

169 1518 324 1560 bidinem,
342 1529 379 1554 ut
401 1519 486 1555 credi
510 1519 570 1554 vis.
615 1519 692 1566 quid
717 1530 825 1556 autem
844 1521 886 1556 sit
910 1521 1030 1556 mentis
1053 1521 1113 1556 hec
1135 1522 1300 1564 recreatio,
1315 1522 1375 1557 nisi

168 1577 336 1612 renovatio
361 1577 582 1613 delectationis
609 1587 642 1612 et
668 1578 852 1624 voluptatis,
880 1578 997 1614 vellem
1026 1591 1215 1625 exponeres·
1269 1579 1326 1615 sed
1348 1581 1375 1615 si

168 1635 308 1670 volueris
330 1635 475 1678 illorum;
499 1635 694 1678 defensores,
711 1637 779 1671 imo
801 1636 1007 1682 professores,
1031 1638 1204 1683 voluptatis
1228 1637 1375 1680 fueruut;

167 1695 389 1730 auctoritatem
412 1695 515 1741 sequi,
538 1694 687 1740 voluptas
707 1705 756 1730 est
774 1695 878 1730 dolori
898 1696 1046 1742 opposita
1069 1696 1123 1731 tali
1140 1698 1376 1739 contrarietate,

166 1752 255 1800 quod
281 1753 464 1798 putaverint
478 1753 562 1787 inter
575 1752 635 1787 hec
651 1752 718 1788 duo
741 1753 839 1788 nichil
863 1755 990 1799 penitus
1010 1755 1179 1800 interponi.
1227 1754 1373 1790 indolen-

166 1811 245 1846 tiam
275 1810 436 1856 equidem,
459 1822 522 1856 que
546 1810 697 1846 dolorum
719 1811 870 1847 omnium
893 1813 1030 1858 privatio
1054 1822 1112 1854 est,
1136 1824 1203 1847 uon
1228 1812 1372 1847 medium

166 1868 296 1914 aliquid,
308 1869 365 1904 sed
382 1869 486 1915 ipsam
504 1868 667 1904 diffiniunt
686 1869 784 1904 nichil
803 1870 889 1906 aliud
909 1882 979 1905 esse
1001 1882 1101 1916 quam
1115 1871 1315 1916 voluptatem
1325 1871 1371 1905 (³).

165 1926 222 1962 sed
245 1927 278 1962 in
302 1927 363 1962 hac
377 1939 412 1963 re
435 1927 630 1962 Ciceronem
653 1939 845 1974 sequamur3
869 1938 901 1963 et
915 1939 1066 1974 putemus
1085 1929 1286 1975 voluptatem
1302 1941 1371 1964 esse
1399 1931 1613 1985 ffigffl‘b·

165 1986 198 2020 in
221 1985 422 2035 nobis,eum
441 1986 614 2031 percipitur
635 1998 674 2021 ea
695 1997 758 2032 que
781 1998 913 2022 sensum
938 1987 1077 2033 aliquem
1101 1997 1233 2022 moveat
1258 1988 1370 2022 iocun-

164 2043 246 2078 ditas
254 2043 300 2078 (⁴).
347 2043 387 2078 ad
411 2043 611 2088 voluptatem
633 2044 732 2089 igitur
755 2056 855 2087 arnas,
880 2054 915 2080 ut
938 2045 1056 2087 leteris,
1069 2055 1106 2080 ut
1125 2046 1318 2087 iocunderis,
1334 2055 1370 2080 ut
1397 2052 1613 2108 &52:-

164 2101 307 2148 gaudeas
324 2111 366 2144 et,
386 2111 423 2137 ut
444 2112 502 2137 tuo
526 2112 596 2137 utar
617 2102 788 2145 vocabulo,
813 2113 847 2139 ut
869 2104 1031 2145 recreeris,
1050 2104 1139 2149 quasi
1165 2103 1220 2139 tibi
1250 2105 1290 2138 sit
1317 2104 1369 2138 ille

164 2161 328 2196 eonuiitus
338 2160 468 2207 illaque,
476 2172 667 2207 quecunque
678 2162 729 2204 sit,
742 2162 785 2196 rei
799 2171 904 2197 amate
917 2161 1036 2204 fruitio,
1045 2163 1156 2197 iterata
1168 2163 1288 2197 creatio
1299 2171 1354 2197 tua
1359 2175 1370 2204 ;

218 2265 240 2289 3.
256 2259 310 2283 σαί.
321 2265 368 2282 nno
382 2260 523 2283 mnemia
538 2265 599 2284 me
612 2261 768 2291 dalmtun.
780 2262 878 2291 “mle
890 2262 951 2291 dopo
965 2265 1004 2285 tue
1017 2262 1186 2286 avenne-rme
1200 2261 1313 2285 voluntati
1327 2262 1370 2285 che

164 2299 275 2323 cancella.
345 2306 368 2329 ⁷·
383 2299 441 2323 Cod.
455 2300 606 2323 amovendo

198 2380 244 2416 (r)
267 2380 312 2408 Cf.
334 2380 448 2414 Parus,
470 2381 531 2410 ια.
555 2391 579 2410 a.
596 2392 623 2410 v.
645 2382 743 2411 volu·
826 2383 869 2419 (a)
887 2383 952 2412 Cic.
970 2383 1010 2411 D·
1026 2384 1071 2419 fin.
1085 2384 1142 2412 bon.
1160 2387 1184 2412 a
1200 2383 1262 2412 mal.
1277 2383 1314 2418 11,
1329 2392 1370 2421 ¹3·

163 2430 258 2456 mun
290 2423 386 2458 ΒΛιιι,
417 2423 541 2453 catholic.
571 2433 593 2454 ε.
624 2434 651 2453 v.
681 2434 742 2454 vo·
822 2428 866 2463 (3)
885 2426 949 2455 Cic.
968 2435 1013 2463 op.
1029 2427 1072 2454 cit.
1093 2426 1127 2460 11,
1148 2427 1246 2463 38-39.

163 2464 300 2501 luptas.
822 2468 866 2504 (4)
885 2469 948 2496 Cic.
967 2477 1012 2505 op.
1029 2468 1074 2497 eit.
1093 2468 1127 2502 n,
1151 2476 1190 2503 14.
