<?xml version="1.0" encoding="UTF-8"?>
<!DOCTYPE html PUBLIC "-//W3C//DTD XHTML 1.0 Transitional//EN"
    "http://www.w3.org/TR/xhtml1/DTD/xhtml1-transitional.dtd">
<html xmlns="http://www.w3.org/1999/xhtml" xml:lang="en" lang="en">
 <head>
  <title>
</title>
<meta http-equiv="Content-Type" content="text/html;charset=utf-8" />
  <meta name='ocr-system' content='tesseract 3.04.00' />
  <meta name='ocr-capabilities' content='ocr_page ocr_carea ocr_par ocr_line ocrx_word'/>
</head>
<body>
  <div class='ocr_page' id='page_1' title='image "./epistolariodicol17saluuoft_0197.png"; bbox 0 0 1682 2762; ppageno 0'>
   <div class='ocr_carea' id='block_1_1' title="bbox 72 907 112 932">
    <p class='ocr_par' dir='ltr' id='par_1_1' title="bbox 72 907 112 932">
     <span class='ocr_line' id='line_1_1' title="bbox 72 907 112 932; baseline 0.025 -1"><span class='ocrx_word' id='word_1_1' title='bbox 72 907 112 932; x_wconf 90' lang='lat'>10</span> 
     </span>
    </p>
   </div>
   <div class='ocr_carea' id='block_1_2' title="bbox 75 1213 112 1247">
    <p class='ocr_par' dir='ltr' id='par_1_2' title="bbox 75 1213 112 1247">
     <span class='ocr_line' id='line_1_2' title="bbox 75 1213 112 1247; baseline 0 0"><span class='ocrx_word' id='word_1_2' title='bbox 75 1213 112 1247; x_wconf 85' lang='lat'>¹5</span> 
     </span>
    </p>
   </div>
   <div class='ocr_carea' id='block_1_3' title="bbox 73 1523 116 1547">
    <p class='ocr_par' dir='ltr' id='par_1_3' title="bbox 73 1523 116 1547">
     <span class='ocr_line' id='line_1_3' title="bbox 73 1523 116 1547; baseline 0 0"><span class='ocrx_word' id='word_1_3' title='bbox 73 1523 116 1547; x_wconf 88' lang='lat'>20</span> 
     </span>
    </p>
   </div>
   <div class='ocr_carea' id='block_1_4' title="bbox 77 1812 116 1845">
    <p class='ocr_par' dir='ltr' id='par_1_4' title="bbox 77 1812 116 1845">
     <span class='ocr_line' id='line_1_4' title="bbox 77 1812 116 1845; baseline 0 0"><span class='ocrx_word' id='word_1_4' title='bbox 77 1812 116 1845; x_wconf 84' lang='lat'>25</span> 
     </span>
    </p>
   </div>
   <div class='ocr_carea' id='block_1_5' title="bbox 406 207 1324 249">
    <p class='ocr_par' dir='ltr' id='par_1_5' title="bbox 406 207 1324 249">
     <span class='ocr_line' id='line_1_5' title="bbox 406 207 1324 249; baseline -0.004 -5"><span class='ocrx_word' id='word_1_5' title='bbox 406 216 455 244; x_wconf 82' lang='lat' dir='ltr'>DI</span> <span class='ocrx_word' id='word_1_6' title='bbox 483 216 748 245; x_wconf 87' lang='lat' dir='ltr'>COLUCCIO</span> <span class='ocrx_word' id='word_1_7' title='bbox 779 215 1054 244; x_wconf 82' lang='lat' dir='ltr'><strong>SALUTATI.</strong></span> <span class='ocrx_word' id='word_1_8' title='bbox 1267 207 1324 249; x_wconf 85' lang='lat'>183</span> 
     </span>
    </p>
   </div>
   <div class='ocr_carea' id='block_1_6' title="bbox 134 339 1383 732">
    <p class='ocr_par' dir='ltr' id='par_1_6' title="bbox 134 339 1332 732">
     <span class='ocr_line' id='line_1_6' title="bbox 134 339 1329 386; baseline 0 -13"><span class='ocrx_word' id='word_1_9' title='bbox 134 349 242 374; x_wconf 87' lang='lat' dir='ltr'>tamen</span> <span class='ocrx_word' id='word_1_10' title='bbox 265 339 346 374; x_wconf 88' lang='lat' dir='ltr'>adeo</span> <span class='ocrx_word' id='word_1_11' title='bbox 365 352 436 374; x_wconf 91' lang='lat' dir='ltr'>mea</span> <span class='ocrx_word' id='word_1_12' title='bbox 452 341 571 375; x_wconf 82' lang='lat' dir='ltr'>viscera</span> <span class='ocrx_word' id='word_1_13' title='bbox 587 341 737 375; x_wconf 86' lang='lat' dir='ltr'>resultare</span> <span class='ocrx_word' id='word_1_14' title='bbox 753 341 921 375; x_wconf 89' lang='lat' dir='ltr'>dilectione</span> <span class='ocrx_word' id='word_1_15' title='bbox 937 351 1002 383; x_wconf 89' lang='lat' dir='ltr'>tua,</span> <span class='ocrx_word' id='word_1_16' title='bbox 1022 340 1110 386; x_wconf 92' lang='lat' dir='ltr'>quod</span> <span class='ocrx_word' id='word_1_17' title='bbox 1126 349 1248 374; x_wconf 88' lang='lat' dir='ltr'>memet</span> <span class='ocrx_word' id='word_1_18' title='bbox 1261 340 1329 385; x_wconf 87' lang='lat' dir='ltr'>ipse</span> 
     </span>
     <span class='ocr_line' id='line_1_7' title="bbox 135 397 1330 443; baseline -0.001 -12"><span class='ocrx_word' id='word_1_19' title='bbox 135 409 200 431; x_wconf 91' lang='lat' dir='ltr'>non</span> <span class='ocrx_word' id='word_1_20' title='bbox 217 398 318 442; x_wconf 88' lang='lat' dir='ltr'>capio.</span> <span class='ocrx_word' id='word_1_21' title='bbox 363 397 440 442; x_wconf 88' lang='lat' dir='ltr'>quid</span> <span class='ocrx_word' id='word_1_22' title='bbox 463 409 560 442; x_wconf 79' lang='lat' dir='ltr'>grave</span> <span class='ocrx_word' id='word_1_23' title='bbox 584 398 688 443; x_wconf 90' lang='lat' dir='ltr'>magis</span> <span class='ocrx_word' id='word_1_24' title='bbox 703 408 735 432; x_wconf 91' lang='lat' dir='ltr'>et</span> <span class='ocrx_word' id='word_1_25' title='bbox 758 400 891 433; x_wconf 86' lang='lat' dir='ltr'>anxium</span> <span class='ocrx_word' id='word_1_26' title='bbox 908 408 956 432; x_wconf 90' lang='lat' dir='ltr'>est</span> <span class='ocrx_word' id='word_1_27' title='bbox 971 410 1068 443; x_wconf 89' lang='lat' dir='ltr'>quam</span> <span class='ocrx_word' id='word_1_28' title='bbox 1089 410 1122 432; x_wconf 89' lang='lat' dir='ltr'>re</span> <span class='ocrx_word' id='word_1_29' title='bbox 1143 408 1210 431; x_wconf 87' lang='lat' dir='ltr'>tam</span> <span class='ocrx_word' id='word_1_30' title='bbox 1225 407 1330 431; x_wconf 86' lang='lat' dir='ltr'>amata</span> 
     </span>
     <span class='ocr_line' id='line_1_8' title="bbox 135 455 1383 505; baseline 0 -16"><span class='ocrx_word' id='word_1_31' title='bbox 135 465 265 500; x_wconf 90' lang='lat' dir='ltr'>tamque</span> <span class='ocrx_word' id='word_1_32' title='bbox 289 455 413 496; x_wconf 89' lang='lat' dir='ltr'>dilecta,</span> <span class='ocrx_word' id='word_1_33' title='bbox 436 465 593 500; x_wconf 88' lang='lat' dir='ltr'>quantum</span> <span class='ocrx_word' id='word_1_34' title='bbox 616 465 651 490; x_wconf 93' lang='lat' dir='ltr'>tu</span> <span class='ocrx_word' id='word_1_35' title='bbox 675 456 772 490; x_wconf 91' lang='lat' dir='ltr'>michi</span> <span class='ocrx_word' id='word_1_36' title='bbox 795 467 840 496; x_wconf 89' lang='lat' dir='ltr'>es,</span> <span class='ocrx_word' id='word_1_37' title='bbox 864 457 908 490; x_wconf 92' lang='lat' dir='ltr'>sic</span> <span class='ocrx_word' id='word_1_38' title='bbox 927 468 1053 500; x_wconf 87' lang='lat' dir='ltr'>semper</span> <span class='ocrx_word' id='word_1_39' title='bbox 1072 456 1218 496; x_wconf 88' lang='lat' dir='ltr'>caruisse,</span> <span class='ocrx_word' id='word_1_40' title='bbox 1242 455 1383 505; x_wconf 76' lang='lat' dir='ltr'>quod„</span> 
     </span>
     <span class='ocr_line' id='line_1_9' title="bbox 137 514 1332 559; baseline 0.002 -13"><span class='ocrx_word' id='word_1_41' title='bbox 137 522 168 547; x_wconf 89' lang='lat' dir='ltr'>te</span> <span class='ocrx_word' id='word_1_42' title='bbox 182 525 347 558; x_wconf 89' lang='lat' dir='ltr'>nunquam</span> <span class='ocrx_word' id='word_1_43' title='bbox 363 514 551 558; x_wconf 84' lang='lat' dir='ltr'>aspexerim,</span> <span class='ocrx_word' id='word_1_44' title='bbox 574 525 738 558; x_wconf 90' lang='lat' dir='ltr'>nunquam</span> <span class='ocrx_word' id='word_1_45' title='bbox 762 515 795 548; x_wconf 89' lang='lat' dir='ltr'>in</span> <span class='ocrx_word' id='word_1_46' title='bbox 815 523 947 549; x_wconf 88' lang='lat' dir='ltr'>mutuos</span> <span class='ocrx_word' id='word_1_47' title='bbox 971 514 1186 559; x_wconf 84' lang='lat' dir='ltr'>complexus</span> <span class='ocrx_word' id='word_1_48' title='bbox 1177 514 1332 548; x_wconf 78' lang='lat' dir='ltr'>iverimus</span> 
     </span>
     <span class='ocr_line' id='line_1_10' title="bbox 137 571 1331 616; baseline 0 -12"><span class='ocrx_word' id='word_1_49' title='bbox 137 582 366 616; x_wconf 88' lang='lat' dir='ltr'>nunquamque</span> <span class='ocrx_word' id='word_1_50' title='bbox 389 571 541 605; x_wconf 87' lang='lat' dir='ltr'>fuerimus</span> <span class='ocrx_word' id='word_1_51' title='bbox 571 573 646 605; x_wconf 86' lang='lat' dir='ltr'>vive</span> <span class='ocrx_word' id='word_1_52' title='bbox 682 572 773 605; x_wconf 86' lang='lat' dir='ltr'>vocis</span> <span class='ocrx_word' id='word_1_53' title='bbox 809 571 949 616; x_wconf 88' lang='lat' dir='ltr'>alloquio</span> <span class='ocrx_word' id='word_1_54' title='bbox 982 571 1133 606; x_wconf 89' lang='lat' dir='ltr'>recreati?</span> <span class='ocrx_word' id='word_1_55' title='bbox 1178 581 1331 616; x_wconf 89' lang='lat' dir='ltr'>tantoque</span> 
     </span>
     <span class='ocr_line' id='line_1_11' title="bbox 138 627 1332 674; baseline 0 -12"><span class='ocrx_word' id='word_1_56' title='bbox 138 627 295 662; x_wconf 86' lang='lat' dir='ltr'>desiderio</span> <span class='ocrx_word' id='word_1_57' title='bbox 309 629 355 663; x_wconf 90' lang='lat' dir='ltr'>tui</span> <span class='ocrx_word' id='word_1_58' title='bbox 370 638 492 670; x_wconf 87' lang='lat' dir='ltr'>teneor,</span> <span class='ocrx_word' id='word_1_59' title='bbox 501 637 655 674; x_wconf 89' lang='lat' dir='ltr'>tantoque</span> <span class='ocrx_word' id='word_1_60' title='bbox 664 628 790 663; x_wconf 85' lang='lat' dir='ltr'>fervore</span> <span class='ocrx_word' id='word_1_61' title='bbox 809 630 927 663; x_wconf 83' lang='lat' dir='ltr'>mentis</span> <span class='ocrx_word' id='word_1_62' title='bbox 940 638 1060 674; x_wconf 84' lang='lat' dir='ltr'>exopto</span> <span class='ocrx_word' id='word_1_63' title='bbox 1073 629 1332 664; x_wconf 85' lang='lat' dir='ltr'>candidissimam</span> 
     </span>
     <span class='ocr_line' id='line_1_12' title="bbox 137 685 995 732; baseline 0.001 -13"><span class='ocrx_word' id='word_1_64' title='bbox 137 685 224 720; x_wconf 81' lang='lat' dir='ltr'>illam</span> <span class='ocrx_word' id='word_1_65' title='bbox 248 685 335 720; x_wconf 88' lang='lat' dir='ltr'>diem</span> <span class='ocrx_word' id='word_1_66' title='bbox 358 686 509 731; x_wconf 80' lang='lat' dir='ltr'>aspicere,</span> <span class='ocrx_word' id='word_1_67' title='bbox 533 695 578 728; x_wconf 91' lang='lat' dir='ltr'>ut,</span> <span class='ocrx_word' id='word_1_68' title='bbox 601 687 683 721; x_wconf 91' lang='lat' dir='ltr'>sicut</span> <span class='ocrx_word' id='word_1_69' title='bbox 706 687 857 732; x_wconf 82' lang='lat' dir='ltr'>Papinius</span> <span class='ocrx_word' id='word_1_70' title='bbox 881 687 995 732; x_wconf 90' lang='lat' dir='ltr'>inquit,</span> 
     </span>
    </p>
   </div>
   <div class='ocr_carea' id='block_1_7' title="bbox 525 759 1127 796">
    <p class='ocr_par' dir='ltr' id='par_1_7' title="bbox 525 759 1127 796">
     <span class='ocr_line' id='line_1_13' title="bbox 525 759 1127 796; baseline 0.002 -10"><span class='ocrx_word' id='word_1_71' title='bbox 525 759 576 787; x_wconf 84' lang='lat' dir='ltr'>hac</span> <span class='ocrx_word' id='word_1_72' title='bbox 595 768 677 787; x_wconf 91' lang='lat' dir='ltr'>evum</span> <span class='ocrx_word' id='word_1_73' title='bbox 695 760 804 795; x_wconf 87' lang='lat' dir='ltr'>cupiam</span> <span class='ocrx_word' id='word_1_74' title='bbox 823 768 873 796; x_wconf 88' lang='lat' dir='ltr'>pro</span> <span class='ocrx_word' id='word_1_75' title='bbox 892 760 951 787; x_wconf 84' lang='lat' dir='ltr'>luce</span> <span class='ocrx_word' id='word_1_76' title='bbox 969 760 1069 796; x_wconf 86' lang='lat' dir='ltr'>pacisci</span> <span class='ocrx_word' id='word_1_77' title='bbox 1082 760 1127 788; x_wconf 89' lang='lat'><em>(¹).</em></span> 
     </span>
    </p>
   </div>
   <div class='ocr_carea' id='block_1_8' title="bbox 138 830 800 865">
    <p class='ocr_par' dir='ltr' id='par_1_8' title="bbox 138 830 800 865">
     <span class='ocr_line' id='line_1_14' title="bbox 138 830 800 865; baseline 0.002 -1"><span class='ocrx_word' id='word_1_78' title='bbox 138 841 214 864; x_wconf 89' lang='lat' dir='ltr'>nam</span> <span class='ocrx_word' id='word_1_79' title='bbox 236 831 325 865; x_wconf 85' lang='lat' dir='ltr'>iuxta</span> <span class='ocrx_word' id='word_1_80' title='bbox 347 830 452 865; x_wconf 82' lang='lat' dir='ltr'>Flacci</span> <span class='ocrx_word' id='word_1_81' title='bbox 475 831 576 865; x_wconf 90' lang='lat' dir='ltr'>nostri</span> <span class='ocrx_word' id='word_1_82' title='bbox 594 831 800 865; x_wconf 84' lang='lat' dir='ltr'>sententiam:</span> 
     </span>
    </p>
   </div>
   <div class='ocr_carea' id='block_1_9' title="bbox 349 902 1033 939">
    <p class='ocr_par' dir='ltr' id='par_1_9' title="bbox 349 902 1033 939">
     <span class='ocr_line' id='line_1_15' title="bbox 349 902 1033 939; baseline 0 -9"><span class='ocrx_word' id='word_1_83' title='bbox 349 902 396 930; x_wconf 85' lang='lat' dir='ltr'>Nil</span> <span class='ocrx_word' id='word_1_84' title='bbox 413 911 466 939; x_wconf 90' lang='lat' dir='ltr'>ego</span> <span class='ocrx_word' id='word_1_85' title='bbox 481 902 644 930; x_wconf 80' lang='lat' dir='ltr'>contulerim</span> <span class='ocrx_word' id='word_1_86' title='bbox 659 903 777 930; x_wconf 82' lang='lat' dir='ltr'>iocunde</span> <span class='ocrx_word' id='word_1_87' title='bbox 795 903 865 930; x_wconf 81' lang='lat' dir='ltr'>letus</span> <span class='ocrx_word' id='word_1_88' title='bbox 884 903 975 930; x_wconf 85' lang='lat' dir='ltr'>amico</span> <span class='ocrx_word' id='word_1_89' title='bbox 987 902 1033 930; x_wconf 87' lang='lat'>(²).</span> 
     </span>
    </p>
   </div>
   <div class='ocr_carea' id='block_1_10' title="bbox 139 971 1334 1250">
    <p class='ocr_par' dir='ltr' id='par_1_10' title="bbox 139 971 1334 1250">
     <span class='ocr_line' id='line_1_16' title="bbox 139 971 1334 1018; baseline -0.003 -10"><span class='ocrx_word' id='word_1_90' title='bbox 139 984 215 1008; x_wconf 85' lang='lat' dir='ltr'>cum</span> <span class='ocrx_word' id='word_1_91' title='bbox 237 974 336 1014; x_wconf 88' lang='lat' dir='ltr'>enim,</span> <span class='ocrx_word' id='word_1_92' title='bbox 359 981 395 1007; x_wconf 92' lang='lat' dir='ltr'>ut</span> <span class='ocrx_word' id='word_1_93' title='bbox 416 974 519 1018; x_wconf 85' lang='lat' dir='ltr'>inquit</span> <span class='ocrx_word' id='word_1_94' title='bbox 541 973 680 1015; x_wconf 90' lang='lat' dir='ltr'>Samius,</span> <span class='ocrx_word' id='word_1_95' title='bbox 705 985 743 1007; x_wconf 90' lang='lat' dir='ltr'>ea</span> <span class='ocrx_word' id='word_1_96' title='bbox 766 974 815 1007; x_wconf 84' lang='lat' dir='ltr'>vis</span> <span class='ocrx_word' id='word_1_97' title='bbox 840 973 984 1007; x_wconf 85' lang='lat' dir='ltr'>amicicie</span> <span class='ocrx_word' id='word_1_98' title='bbox 1006 973 1057 1013; x_wconf 90' lang='lat' dir='ltr'>sit,</span> <span class='ocrx_word' id='word_1_99' title='bbox 1084 982 1120 1006; x_wconf 90' lang='lat' dir='ltr'>ut</span> <span class='ocrx_word' id='word_1_100' title='bbox 1138 984 1178 1006; x_wconf 87' lang='lat' dir='ltr'>ex</span> <span class='ocrx_word' id='word_1_101' title='bbox 1208 971 1334 1006; x_wconf 89' lang='lat' dir='ltr'>duobus</span> 
     </span>
     <span class='ocr_line' id='line_1_17' title="bbox 140 1031 1333 1077; baseline -0.003 -11"><span class='ocrx_word' id='word_1_102' title='bbox 140 1044 241 1067; x_wconf 87' lang='lat' dir='ltr'>unum</span> <span class='ocrx_word' id='word_1_103' title='bbox 254 1031 509 1077; x_wconf 80' lang='lat' dir='ltr'>faciat(³),quam</span> <span class='ocrx_word' id='word_1_104' title='bbox 528 1031 703 1066; x_wconf 83' lang='lat' dir='ltr'>innaturale</span> <span class='ocrx_word' id='word_1_105' title='bbox 721 1042 882 1076; x_wconf 90' lang='lat' dir='ltr'>quamque</span> <span class='ocrx_word' id='word_1_106' title='bbox 900 1031 1075 1065; x_wconf 90' lang='lat' dir='ltr'>molestum</span> <span class='ocrx_word' id='word_1_107' title='bbox 1093 1039 1141 1064; x_wconf 88' lang='lat' dir='ltr'>est</span> <span class='ocrx_word' id='word_1_108' title='bbox 1153 1041 1222 1064; x_wconf 87' lang='lat' dir='ltr'>rem</span> <span class='ocrx_word' id='word_1_109' title='bbox 1234 1041 1333 1064; x_wconf 89' lang='lat' dir='ltr'>unam</span> 
     </span>
     <span class='ocr_line' id='line_1_18' title="bbox 140 1087 1333 1135; baseline -0.003 -11"><span class='ocrx_word' id='word_1_110' title='bbox 140 1099 189 1124; x_wconf 88' lang='lat' dir='ltr'>tot</span> <span class='ocrx_word' id='word_1_111' title='bbox 211 1090 374 1124; x_wconf 86' lang='lat' dir='ltr'>montium</span> <span class='ocrx_word' id='word_1_112' title='bbox 397 1099 508 1135; x_wconf 89' lang='lat' dir='ltr'>totque</span> <span class='ocrx_word' id='word_1_113' title='bbox 532 1089 662 1124; x_wconf 87' lang='lat' dir='ltr'>vallium</span> <span class='ocrx_word' id='word_1_114' title='bbox 685 1089 929 1133; x_wconf 87' lang='lat' dir='ltr'>interpositione</span> <span class='ocrx_word' id='word_1_115' title='bbox 960 1088 1108 1133; x_wconf 87' lang='lat' dir='ltr'>seiungi?</span> <span class='ocrx_word' id='word_1_116' title='bbox 1153 1097 1189 1122; x_wconf 92' lang='lat' dir='ltr'>ut</span> <span class='ocrx_word' id='word_1_117' title='bbox 1207 1099 1246 1121; x_wconf 85' lang='lat' dir='ltr'>ex</span> <span class='ocrx_word' id='word_1_118' title='bbox 1271 1087 1333 1120; x_wconf 92' lang='lat' dir='ltr'>hoc</span> 
     </span>
     <span class='ocr_line' id='line_1_19' title="bbox 142 1145 1333 1191; baseline -0.002 -10"><span class='ocrx_word' id='word_1_119' title='bbox 142 1147 289 1182; x_wconf 87' lang='lat' dir='ltr'>admirari</span> <span class='ocrx_word' id='word_1_120' title='bbox 313 1147 457 1182; x_wconf 88' lang='lat' dir='ltr'>desinam</span> <span class='ocrx_word' id='word_1_121' title='bbox 486 1158 594 1182; x_wconf 87' lang='lat' dir='ltr'>sacros</span> <span class='ocrx_word' id='word_1_122' title='bbox 617 1156 706 1181; x_wconf 80' lang='lat' dir='ltr'>vates</span> <span class='ocrx_word' id='word_1_123' title='bbox 729 1147 811 1181; x_wconf 88' lang='lat' dir='ltr'>inter</span> <span class='ocrx_word' id='word_1_124' title='bbox 833 1145 948 1181; x_wconf 86' lang='lat' dir='ltr'>inferni</span> <span class='ocrx_word' id='word_1_125' title='bbox 972 1146 1126 1191; x_wconf 88' lang='lat' dir='ltr'>supplicia</span> <span class='ocrx_word' id='word_1_126' title='bbox 1149 1156 1333 1180; x_wconf 85' lang='lat' dir='ltr'>numerasse</span> 
     </span>
     <span class='ocr_line' id='line_1_20' title="bbox 142 1205 840 1250; baseline -0.001 -10"><span class='ocrx_word' id='word_1_127' title='bbox 142 1205 279 1250; x_wconf 89' lang='lat' dir='ltr'>Tityon,</span> <span class='ocrx_word' id='word_1_128' title='bbox 302 1215 382 1240; x_wconf 88' lang='lat' dir='ltr'>terre</span> <span class='ocrx_word' id='word_1_129' title='bbox 405 1205 637 1250; x_wconf 86' lang='lat' dir='ltr'>omniparentis</span> <span class='ocrx_word' id='word_1_130' title='bbox 660 1205 840 1246; x_wconf 88' lang='lat' dir='ltr'>alumnum,</span> 
     </span>
    </p>
   </div>
   <div class='ocr_carea' id='block_1_11' title="bbox 353 1276 1051 1362">
    <p class='ocr_par' dir='ltr' id='par_1_11' title="bbox 353 1276 1051 1362">
     <span class='ocr_line' id='line_1_21' title="bbox 529 1276 1051 1314; baseline -0.002 -10"><span class='ocrx_word' id='word_1_131' title='bbox 529 1285 576 1314; x_wconf 86' lang='lat' dir='ltr'>per</span> <span class='ocrx_word' id='word_1_132' title='bbox 594 1282 652 1304; x_wconf 85' lang='lat' dir='ltr'>tota</span> <span class='ocrx_word' id='word_1_133' title='bbox 671 1285 773 1304; x_wconf 88' lang='lat' dir='ltr'>novem</span> <span class='ocrx_word' id='word_1_134' title='bbox 789 1276 832 1304; x_wconf 85' lang='lat' dir='ltr'>cui</span> <span class='ocrx_word' id='word_1_135' title='bbox 847 1276 940 1312; x_wconf 80' lang='lat' dir='ltr'>iugera</span> <span class='ocrx_word' id='word_1_136' title='bbox 955 1284 1051 1312; x_wconf 83' lang='lat' dir='ltr'>corpus</span> 
     </span>
     <span class='ocr_line' id='line_1_22' title="bbox 353 1326 509 1362; baseline 0 -8"><span class='ocrx_word' id='word_1_137' title='bbox 353 1326 509 1362; x_wconf 74' lang='lat' dir='ltr'>Porrigitur,</span> 
     </span>
    </p>
   </div>
   <div class='ocr_carea' id='block_1_12' title="bbox 143 1396 1335 1558">
    <p class='ocr_par' dir='ltr' id='par_1_12' title="bbox 143 1396 1335 1558">
     <span class='ocr_line' id='line_1_23' title="bbox 143 1396 1333 1443; baseline -0.002 -11"><span class='ocrx_word' id='word_1_138' title='bbox 143 1407 178 1433; x_wconf 90' lang='lat' dir='ltr'>ut</span> <span class='ocrx_word' id='word_1_139' title='bbox 198 1397 250 1432; x_wconf 89' lang='lat' dir='ltr'>ille</span> <span class='ocrx_word' id='word_1_140' title='bbox 273 1397 330 1432; x_wconf 88' lang='lat' dir='ltr'>ait:</span> <span class='ocrx_word' id='word_1_141' title='bbox 353 1407 444 1432; x_wconf 87' lang='lat' dir='ltr'>tanto</span> <span class='ocrx_word' id='word_1_142' title='bbox 467 1397 606 1432; x_wconf 87' lang='lat' dir='ltr'>distento</span> <span class='ocrx_word' id='word_1_143' title='bbox 630 1396 761 1443; x_wconf 89' lang='lat' dir='ltr'>quidem</span> <span class='ocrx_word' id='word_1_144' title='bbox 780 1397 888 1442; x_wconf 89' lang='lat' dir='ltr'>spacio</span> <span class='ocrx_word' id='word_1_145' title='bbox 907 1407 975 1431; x_wconf 90' lang='lat' dir='ltr'>uno</span> <span class='ocrx_word' id='word_1_146' title='bbox 994 1407 1138 1442; x_wconf 89' lang='lat' dir='ltr'>corpore,</span> <span class='ocrx_word' id='word_1_147' title='bbox 1156 1405 1279 1441; x_wconf 88' lang='lat' dir='ltr'>quanto</span> <span class='ocrx_word' id='word_1_148' title='bbox 1298 1405 1333 1430; x_wconf 88' lang='lat' dir='ltr'>tu</span> 
     </span>
     <span class='ocr_line' id='line_1_24' title="bbox 143 1455 1335 1501; baseline -0.002 -11"><span class='ocrx_word' id='word_1_149' title='bbox 143 1465 175 1490; x_wconf 92' lang='lat' dir='ltr'>et</span> <span class='ocrx_word' id='word_1_150' title='bbox 197 1467 271 1500; x_wconf 79' lang='lat' dir='ltr'>ego,</span> <span class='ocrx_word' id='word_1_151' title='bbox 294 1456 346 1500; x_wconf 88' lang='lat' dir='ltr'>qui</span> <span class='ocrx_word' id='word_1_152' title='bbox 378 1455 510 1501; x_wconf 88' lang='lat' dir='ltr'>quidem</span> <span class='ocrx_word' id='word_1_153' title='bbox 532 1457 621 1490; x_wconf 81' lang='lat' dir='ltr'>iuxta</span> <span class='ocrx_word' id='word_1_154' title='bbox 653 1455 836 1501; x_wconf 88' lang='lat' dir='ltr'>Pythagore</span> <span class='ocrx_word' id='word_1_155' title='bbox 866 1455 1058 1489; x_wconf 87' lang='lat' dir='ltr'>sententiam</span> <span class='ocrx_word' id='word_1_156' title='bbox 1086 1466 1188 1489; x_wconf 89' lang='lat' dir='ltr'>unum</span> <span class='ocrx_word' id='word_1_157' title='bbox 1212 1466 1335 1494; x_wconf 87' lang='lat' dir='ltr'>sumus,</span> 
     </span>
     <span class='ocr_line' id='line_1_25' title="bbox 143 1511 1179 1558; baseline -0.002 -11"><span class='ocrx_word' id='word_1_158' title='bbox 143 1523 212 1547; x_wconf 91' lang='lat' dir='ltr'>non</span> <span class='ocrx_word' id='word_1_159' title='bbox 234 1512 323 1548; x_wconf 87' lang='lat' dir='ltr'>deest</span> <span class='ocrx_word' id='word_1_160' title='bbox 344 1512 433 1558; x_wconf 91' lang='lat' dir='ltr'>quod</span> <span class='ocrx_word' id='word_1_161' title='bbox 457 1513 549 1547; x_wconf 89' lang='lat' dir='ltr'>Maro</span> <span class='ocrx_word' id='word_1_162' title='bbox 573 1521 683 1547; x_wconf 90' lang='lat' dir='ltr'>noster</span> <span class='ocrx_word' id='word_1_163' title='bbox 705 1512 883 1553; x_wconf 90' lang='lat' dir='ltr'>subintulit,</span> <span class='ocrx_word' id='word_1_164' title='bbox 902 1522 1005 1546; x_wconf 90' lang='lat' dir='ltr'>rostro</span> <span class='ocrx_word' id='word_1_165' title='bbox 1030 1511 1179 1546; x_wconf 90' lang='lat' dir='ltr'>videlicet</span> 
     </span>
    </p>
   </div>
   <div class='ocr_carea' id='block_1_13' title="bbox 355 1583 1108 1767">
    <p class='ocr_par' dir='ltr' id='par_1_13' title="bbox 355 1583 1108 1767">
     <span class='ocr_line' id='line_1_26' title="bbox 710 1583 1073 1611; baseline 0.003 -1"><span class='ocrx_word' id='word_1_166' title='bbox 710 1584 838 1611; x_wconf 78' lang='lat' dir='ltr'>immanis</span> <span class='ocrx_word' id='word_1_167' title='bbox 857 1583 947 1611; x_wconf 86' lang='lat' dir='ltr'>vultur</span> <span class='ocrx_word' id='word_1_168' title='bbox 965 1583 1073 1611; x_wconf 88' lang='lat' dir='ltr'>obunco</span> 
     </span>
     <span class='ocr_line' id='line_1_27' title="bbox 355 1632 1021 1669; baseline -0.002 -9"><span class='ocrx_word' id='word_1_169' title='bbox 355 1633 513 1660; x_wconf 84' lang='lat' dir='ltr'>Immortale</span> <span class='ocrx_word' id='word_1_170' title='bbox 532 1633 606 1660; x_wconf 86' lang='lat' dir='ltr'>iecur</span> <span class='ocrx_word' id='word_1_171' title='bbox 624 1632 741 1660; x_wconf 81' lang='lat' dir='ltr'>tondens</span> <span class='ocrx_word' id='word_1_172' title='bbox 759 1632 926 1669; x_wconf 86' lang='lat' dir='ltr'>secundaque</span> <span class='ocrx_word' id='word_1_173' title='bbox 945 1632 1021 1668; x_wconf 85' lang='lat' dir='ltr'>penis</span> 
     </span>
     <span class='ocr_line' id='line_1_28' title="bbox 356 1680 1068 1718; baseline 0 -10"><span class='ocrx_word' id='word_1_174' title='bbox 356 1682 467 1709; x_wconf 72' lang='lat' dir='ltr'>Viscera</span> <span class='ocrx_word' id='word_1_175' title='bbox 486 1681 648 1718; x_wconf 78' lang='lat' dir='ltr'>rimaturque</span> <span class='ocrx_word' id='word_1_176' title='bbox 667 1681 753 1718; x_wconf 81' lang='lat' dir='ltr'>epulis</span> <span class='ocrx_word' id='word_1_177' title='bbox 771 1681 927 1717; x_wconf 78' lang='lat' dir='ltr'>habitatque</span> <span class='ocrx_word' id='word_1_178' title='bbox 944 1681 993 1708; x_wconf 78' lang='lat' dir='ltr'>sub</span> <span class='ocrx_word' id='word_1_179' title='bbox 1013 1680 1068 1708; x_wconf 82' lang='lat' dir='ltr'>alto</span> 
     </span>
     <span class='ocr_line' id='line_1_29' title="bbox 357 1730 1108 1767; baseline -0.003 -8"><span class='ocrx_word' id='word_1_180' title='bbox 357 1732 480 1764; x_wconf 81' lang='lat' dir='ltr'>Pectore,</span> <span class='ocrx_word' id='word_1_181' title='bbox 498 1739 550 1759; x_wconf 86' lang='lat' dir='ltr'>nec</span> <span class='ocrx_word' id='word_1_182' title='bbox 568 1730 640 1758; x_wconf 76' lang='lat' dir='ltr'>fibris</span> <span class='ocrx_word' id='word_1_183' title='bbox 657 1731 763 1767; x_wconf 79' lang='lat' dir='ltr'>requies</span> <span class='ocrx_word' id='word_1_184' title='bbox 781 1730 860 1758; x_wconf 81' lang='lat' dir='ltr'>datur</span> <span class='ocrx_word' id='word_1_185' title='bbox 879 1730 935 1758; x_wconf 87' lang='lat' dir='ltr'>ulla</span> <span class='ocrx_word' id='word_1_186' title='bbox 954 1730 1052 1758; x_wconf 81' lang='lat' dir='ltr'>renatis</span> <span class='ocrx_word' id='word_1_187' title='bbox 1065 1730 1108 1757; x_wconf 80' lang='lat'>(⁴).</span> 
     </span>
    </p>
   </div>
   <div class='ocr_carea' id='block_1_14' title="bbox 146 1803 1338 1906">
    <p class='ocr_par' dir='ltr' id='par_1_14' title="bbox 146 1803 1338 1906">
     <span class='ocr_line' id='line_1_30' title="bbox 146 1803 1337 1849; baseline -0.002 -11"><span class='ocrx_word' id='word_1_188' title='bbox 146 1813 180 1838; x_wconf 90' lang='lat' dir='ltr'>tu</span> <span class='ocrx_word' id='word_1_189' title='bbox 192 1803 323 1849; x_wconf 84' lang='lat' dir='ltr'>quidem</span> <span class='ocrx_word' id='word_1_190' title='bbox 339 1813 371 1838; x_wconf 86' lang='lat' dir='ltr'>et</span> <span class='ocrx_word' id='word_1_191' title='bbox 386 1815 449 1848; x_wconf 87' lang='lat' dir='ltr'>ego</span> <span class='ocrx_word' id='word_1_192' title='bbox 469 1803 586 1847; x_wconf 87' lang='lat' dir='ltr'>Tityos</span> <span class='ocrx_word' id='word_1_193' title='bbox 605 1815 716 1838; x_wconf 88' lang='lat' dir='ltr'>sumus</span> <span class='ocrx_word' id='word_1_194' title='bbox 728 1815 783 1848; x_wconf 88' lang='lat' dir='ltr'>per</span> <span class='ocrx_word' id='word_1_195' title='bbox 801 1812 850 1837; x_wconf 92' lang='lat' dir='ltr'>tot</span> <span class='ocrx_word' id='word_1_196' title='bbox 867 1803 976 1848; x_wconf 85' lang='lat' dir='ltr'>iugera</span> <span class='ocrx_word' id='word_1_197' title='bbox 991 1803 1128 1837; x_wconf 79' lang='lat' dir='ltr'>distracti</span> <span class='ocrx_word' id='word_1_198' title='bbox 1142 1803 1337 1847; x_wconf 80' lang='lat' dir='ltr'>corporibuS,</span> 
     </span>
     <span class='ocr_line' id='line_1_31' title="bbox 147 1860 1338 1906; baseline -0.002 -10"><span class='ocrx_word' id='word_1_199' title='bbox 147 1873 222 1897; x_wconf 89' lang='lat' dir='ltr'>cum</span> <span class='ocrx_word' id='word_1_200' title='bbox 245 1862 352 1896; x_wconf 86' lang='lat' dir='ltr'>anima</span> <span class='ocrx_word' id='word_1_201' title='bbox 374 1861 474 1896; x_wconf 84' lang='lat' dir='ltr'>simus</span> <span class='ocrx_word' id='word_1_202' title='bbox 497 1873 578 1903; x_wconf 85' lang='lat' dir='ltr'>una;</span> <span class='ocrx_word' id='word_1_203' title='bbox 610 1861 716 1896; x_wconf 88' lang='lat' dir='ltr'>vultur</span> <span class='ocrx_word' id='word_1_204' title='bbox 748 1869 855 1895; x_wconf 83' lang='lat' dir='ltr'>autem</span> <span class='ocrx_word' id='word_1_205' title='bbox 885 1860 1022 1906; x_wconf 80' lang='lat' dir='ltr'>figuram</span> <span class='ocrx_word' id='word_1_206' title='bbox 1055 1870 1142 1895; x_wconf 90' lang='lat' dir='ltr'>tenet</span> <span class='ocrx_word' id='word_1_207' title='bbox 1172 1860 1338 1894; x_wconf 86' lang='lat' dir='ltr'>anxietatis</span> 
     </span>
    </p>
   </div>
   <div class='ocr_carea' id='block_1_15' title="bbox 146 1979 1340 2092">
    <p class='ocr_par' dir='ltr' id='par_1_15' title="bbox 146 1979 1340 2092">
     <span class='ocr_line' id='line_1_32' title="bbox 201 1979 1338 2011; baseline -0.003 -6"><span class='ocrx_word' id='word_1_208' title='bbox 201 1988 222 2005; x_wconf 81' lang='lat' dir='ltr'>a.</span> <span class='ocrx_word' id='word_1_209' title='bbox 237 1980 321 2011; x_wconf 68' lang='lat' dir='ltr'>mgis]</span> <span class='ocrx_word' id='word_1_210' title='bbox 335 1981 392 2004; x_wconf 75' lang='lat' dir='ltr'>cod.</span> <span class='ocrx_word' id='word_1_211' title='bbox 402 1980 476 2003; x_wconf 81' lang='lat' dir='ltr'>minua</span> <span class='ocrx_word' id='word_1_212' title='bbox 484 1980 516 2003; x_wconf 77' lang='lat' dir='ltr'>ed</span> <span class='ocrx_word' id='word_1_213' title='bbox 522 1983 607 2003; x_wconf 79' lang='lat' dir='ltr'>omene</span> <span class='ocrx_word' id='word_1_214' title='bbox 613 1987 681 2010; x_wconf 79' lang='lat' dir='ltr'>quam</span> <span class='ocrx_word' id='word_1_215' title='bbox 737 1987 758 2010; x_wconf 82' lang='lat'>3.</span> <span class='ocrx_word' id='word_1_216' title='bbox 773 1980 819 2010; x_wconf 82' lang='lat' dir='ltr'>aie]</span> <span class='ocrx_word' id='word_1_217' title='bbox 835 1980 889 2003; x_wconf 78' lang='lat' dir='ltr'>eod.</span> <span class='ocrx_word' id='word_1_218' title='bbox 904 1980 923 2003; x_wconf 76' lang='lat' dir='ltr'>al</span> <span class='ocrx_word' id='word_1_219' title='bbox 978 1987 999 2010; x_wconf 85' lang='lat'>7.</span> <span class='ocrx_word' id='word_1_220' title='bbox 1014 1980 1070 2003; x_wconf 85' lang='lat' dir='ltr'>Cod.</span> <span class='ocrx_word' id='word_1_221' title='bbox 1079 1979 1182 2009; x_wconf 81' lang='lat' dir='ltr'>Paplrlua</span> <span class='ocrx_word' id='word_1_222' title='bbox 1238 1986 1273 2009; x_wconf 78' lang='lat'>¹5·</span> <span class='ocrx_word' id='word_1_223' title='bbox 1282 1979 1338 2002; x_wconf 78' lang='lat' dir='ltr'>Cod.</span> 
     </span>
     <span class='ocr_line' id='line_1_33' title="bbox 146 2018 1340 2051; baseline -0.004 -6"><span class='ocrx_word' id='word_1_224' title='bbox 146 2022 208 2051; x_wconf 74' lang='lat' dir='ltr'>dopo</span> <span class='ocrx_word' id='word_1_225' title='bbox 219 2021 304 2045; x_wconf 74' lang='lat' dir='ltr'>dnm.</span> <span class='ocrx_word' id='word_1_226' title='bbox 317 2020 349 2044; x_wconf 70' lang='lat' dir='ltr'>dd</span> <span class='ocrx_word' id='word_1_227' title='bbox 362 2020 450 2044; x_wconf 71' lang='lat' dir='ltr'>euicne</span> <span class='ocrx_word' id='word_1_228' title='bbox 465 2021 495 2043; x_wconf 81' lang='grc' dir='ltr'>Ιιο</span> <span class='ocrx_word' id='word_1_229' title='bbox 508 2021 598 2050; x_wconf 65' lang='lat' dir='ltr'>ripa-10</span> <span class='ocrx_word' id='word_1_230' title='bbox 611 2027 627 2043; x_wconf 82' lang='lat' dir='ltr'>a</span> <span class='ocrx_word' id='word_1_231' title='bbox 640 2026 683 2044; x_wconf 66' lang='lat' dir='ltr'>tao</span> <span class='ocrx_word' id='word_1_232' title='bbox 696 2020 779 2050; x_wconf 64' lang='lat' dir='ltr'>uago.</span> <span class='ocrx_word' id='word_1_233' title='bbox 834 2026 870 2044; x_wconf 72' lang='grc' dir='ltr'>ιι.</span> <span class='ocrx_word' id='word_1_234' title='bbox 885 2020 940 2044; x_wconf 77' lang='lat' dir='ltr'>eod.</span> <span class='ocrx_word' id='word_1_235' title='bbox 953 2019 1060 2043; x_wconf 72' lang='lat' dir='ltr'>imatuaP</span> <span class='ocrx_word' id='word_1_236' title='bbox 1122 2025 1157 2043; x_wconf 60' lang='grc' dir='ltr'>ιιι.</span> <span class='ocrx_word' id='word_1_237' title='bbox 1172 2019 1228 2043; x_wconf 78' lang='lat' dir='ltr'>cod.</span> <span class='ocrx_word' id='word_1_238' title='bbox 1243 2018 1340 2042; x_wconf 74' lang='lat' dir='ltr'>tundens</span> 
     </span>
     <span class='ocr_line' id='line_1_34' title="bbox 148 2059 807 2092; baseline -0.003 -7"><span class='ocrx_word' id='word_1_239' title='bbox 148 2068 186 2092; x_wconf 81' lang='lat'>²³-</span> <span class='ocrx_word' id='word_1_240' title='bbox 201 2061 256 2085; x_wconf 74' lang='lat' dir='ltr'>cod.</span> <span class='ocrx_word' id='word_1_241' title='bbox 270 2063 355 2084; x_wconf 74' lang='lat' dir='ltr'>mne</span> <span class='ocrx_word' id='word_1_242' title='bbox 369 2067 413 2090; x_wconf 81' lang='lat' dir='ltr'>que</span> <span class='ocrx_word' id='word_1_243' title='bbox 427 2060 488 2090; x_wconf 75' lang='lat' dir='ltr'>dopo</span> <span class='ocrx_word' id='word_1_244' title='bbox 502 2060 552 2084; x_wconf 79' lang='lat' dir='ltr'>rim.</span> <span class='ocrx_word' id='word_1_245' title='bbox 607 2066 646 2090; x_wconf 82' lang='lat'>²5-</span> <span class='ocrx_word' id='word_1_246' title='bbox 661 2060 716 2084; x_wconf 76' lang='lat' dir='ltr'>cod.</span> <span class='ocrx_word' id='word_1_247' title='bbox 730 2059 807 2083; x_wconf 83' lang='lat' dir='ltr'>Titiua</span> 
     </span>
    </p>
   </div>
   <div class='ocr_carea' id='block_1_16' title="bbox 149 2167 1340 2373">
    <p class='ocr_par' dir='ltr' id='par_1_16' title="bbox 149 2167 1339 2246">
     <span class='ocr_line' id='line_1_35' title="bbox 150 2167 1339 2205; baseline -0.002 -9"><span class='ocrx_word' id='word_1_248' title='bbox 150 2169 201 2196; x_wconf 86' lang='lat' dir='ltr'>che</span> <span class='ocrx_word' id='word_1_249' title='bbox 220 2171 341 2205; x_wconf 78' lang='lat' dir='ltr'>provoco</span> <span class='ocrx_word' id='word_1_250' title='bbox 360 2167 446 2195; x_wconf 80' lang='lat' dir='ltr'>allora</span> <span class='ocrx_word' id='word_1_251' title='bbox 470 2177 525 2196; x_wconf 87' lang='lat' dir='ltr'>uno</span> <span class='ocrx_word' id='word_1_252' title='bbox 547 2168 670 2196; x_wconf 81' lang='lat' dir='ltr'>scambio</span> <span class='ocrx_word' id='word_1_253' title='bbox 693 2168 721 2195; x_wconf 80' lang='lat' dir='ltr'>di</span> <span class='ocrx_word' id='word_1_254' title='bbox 801 2168 844 2203; x_wconf 91' lang='lat'>(1)</span> <span class='ocrx_word' id='word_1_255' title='bbox 863 2168 892 2196; x_wconf 88' lang='grc' dir='ltr'>Ρ.</span> <span class='ocrx_word' id='word_1_256' title='bbox 909 2167 975 2195; x_wconf 64' lang='lat' dir='ltr'>Par.</span> <span class='ocrx_word' id='word_1_257' title='bbox 991 2168 1127 2200; x_wconf 64' lang='lat' dir='ltr'>Sui-um,</span> <span class='ocrx_word' id='word_1_258' title='bbox 1144 2167 1218 2195; x_wconf 74' lang='lat' dir='ltr'>Theb.</span> <span class='ocrx_word' id='word_1_259' title='bbox 1234 2167 1256 2202; x_wconf 90' lang='lat'>1,</span> <span class='ocrx_word' id='word_1_260' title='bbox 1275 2175 1339 2203; x_wconf 83' lang='lat'>319;</span> 
     </span>
     <span class='ocr_line' id='line_1_36' title="bbox 149 2210 1116 2246; baseline -0.001 -8"><span class='ocrx_word' id='word_1_261' title='bbox 149 2210 243 2238; x_wconf 74' lang='lat' dir='ltr'>lettere</span> <span class='ocrx_word' id='word_1_262' title='bbox 254 2216 295 2238; x_wconf 84' lang='lat' dir='ltr'>tra</span> <span class='ocrx_word' id='word_1_263' title='bbox 308 2210 441 2238; x_wconf 80' lang='lat' dir='ltr'>Coluccio</span> <span class='ocrx_word' id='word_1_264' title='bbox 456 2210 489 2237; x_wconf 87' lang='lat' dir='ltr'>ed</span> <span class='ocrx_word' id='word_1_265' title='bbox 506 2211 645 2246; x_wconf 70' lang='lat' dir='ltr'>Ami-gio,</span> <span class='ocrx_word' id='word_1_266' title='bbox 657 2211 723 2238; x_wconf 74' lang='lat' dir='ltr'>riae-</span> <span class='ocrx_word' id='word_1_267' title='bbox 767 2219 812 2237; x_wconf 84' lang='lat' dir='ltr'>ma</span> <span class='ocrx_word' id='word_1_268' title='bbox 831 2211 850 2238; x_wconf 90' lang='lat' dir='ltr'>il</span> <span class='ocrx_word' id='word_1_269' title='bbox 868 2217 937 2237; x_wconf 74' lang='lat' dir='ltr'>testo</span> <span class='ocrx_word' id='word_1_270' title='bbox 956 2220 971 2235; x_wconf 73' lang='grc' dir='ltr'><strong><em>κ</em></strong></span> <span class='ocrx_word' id='word_1_271' title='bbox 985 2210 1076 2245; x_wconf 81' lang='lat' dir='ltr'>cupiat</span> <span class='ocrx_word' id='word_1_272' title='bbox 1092 2220 1116 2237; x_wconf 72' lang='grc' dir='ltr'>ι.</span> 
     </span>
    </p>

    <p class='ocr_par' dir='ltr' id='par_1_17' title="bbox 151 2251 1340 2331">
     <span class='ocr_line' id='line_1_37' title="bbox 151 2251 1340 2288; baseline -0.001 -8"><span class='ocrx_word' id='word_1_273' title='bbox 151 2252 252 2280; x_wconf 83' lang='lat' dir='ltr'>eesela</span> <span class='ocrx_word' id='word_1_274' title='bbox 269 2253 494 2288; x_wconf 79' lang='lat' dir='ltr'>corrispoudenza</span> <span class='ocrx_word' id='word_1_275' title='bbox 514 2253 557 2280; x_wconf 84' lang='lat' dir='ltr'>del</span> <span class='ocrx_word' id='word_1_276' title='bbox 576 2259 668 2281; x_wconf 71' lang='lat' dir='ltr'>nostro</span> <span class='ocrx_word' id='word_1_277' title='bbox 681 2253 723 2281; x_wconf 81' lang='lat' dir='ltr'>col</span> <span class='ocrx_word' id='word_1_278' title='bbox 803 2253 841 2287; x_wconf 90' lang='lat'>(2)</span> <span class='ocrx_word' id='word_1_279' title='bbox 863 2253 974 2279; x_wconf 64' lang='grc' dir='ltr'>ΗοιιΑτ.</span> <span class='ocrx_word' id='word_1_280' title='bbox 1004 2252 1057 2279; x_wconf 75' lang='lat' dir='ltr'>Sat.</span> <span class='ocrx_word' id='word_1_281' title='bbox 1083 2252 1103 2284; x_wconf 88' lang='lat'>1,</span> <span class='ocrx_word' id='word_1_282' title='bbox 1127 2259 1154 2284; x_wconf 76' lang='grc' dir='ltr'>ν,</span> <span class='ocrx_word' id='word_1_283' title='bbox 1176 2258 1228 2285; x_wconf 82' lang='grc'>44;</span> <span class='ocrx_word' id='word_1_284' title='bbox 1254 2260 1299 2279; x_wconf 84' lang='lat' dir='ltr'>ma</span> <span class='ocrx_word' id='word_1_285' title='bbox 1321 2251 1340 2279; x_wconf 88' lang='lat' dir='ltr'>il</span> 
     </span>
     <span class='ocr_line' id='line_1_38' title="bbox 152 2294 1006 2331; baseline 0 -9"><span class='ocrx_word' id='word_1_286' title='bbox 152 2294 310 2328; x_wconf 76' lang='lat' dir='ltr'>Bamffaldi3</span> <span class='ocrx_word' id='word_1_287' title='bbox 335 2303 350 2322; x_wconf 91' lang='lat' dir='ltr'>e</span> <span class='ocrx_word' id='word_1_288' title='bbox 374 2301 469 2331; x_wconf 77' lang='lat' dir='ltr'>questa</span> <span class='ocrx_word' id='word_1_289' title='bbox 489 2303 570 2323; x_wconf 82' lang='lat' dir='ltr'>causa</span> <span class='ocrx_word' id='word_1_290' title='bbox 586 2295 614 2322; x_wconf 85' lang='lat' dir='ltr'>fu</span> <span class='ocrx_word' id='word_1_291' title='bbox 638 2295 664 2322; x_wconf 89' lang='lat' dir='ltr'>la</span> <span class='ocrx_word' id='word_1_292' title='bbox 683 2296 722 2322; x_wconf 87' lang='lat' dir='ltr'>di·</span> <span class='ocrx_word' id='word_1_293' title='bbox 767 2302 838 2323; x_wconf 75' lang='lat' dir='ltr'>testo</span> <span class='ocrx_word' id='word_1_294' title='bbox 858 2306 872 2320; x_wconf 80' lang='grc' dir='ltr'><strong>α</strong></span> <span class='ocrx_word' id='word_1_295' title='bbox 885 2303 968 2322; x_wconf 86' lang='lat' dir='ltr'>sanus</span> <span class='ocrx_word' id='word_1_296' title='bbox 982 2305 1006 2322; x_wconf 71' lang='lat'>»-</span> 
     </span>
    </p>

    <p class='ocr_par' dir='ltr' id='par_1_18' title="bbox 152 2336 1319 2373">
     <span class='ocr_line' id='line_1_39' title="bbox 152 2336 1319 2373; baseline 0.001 -9"><span class='ocrx_word' id='word_1_297' title='bbox 152 2345 231 2364; x_wconf 84' lang='lat' dir='ltr'>mora</span> <span class='ocrx_word' id='word_1_298' title='bbox 251 2337 279 2364; x_wconf 85' lang='lat' dir='ltr'>iu</span> <span class='ocrx_word' id='word_1_299' title='bbox 300 2336 405 2365; x_wconf 80' lang='lat' dir='ltr'>Faenza</span> <span class='ocrx_word' id='word_1_300' title='bbox 426 2337 452 2364; x_wconf 87' lang='lat' dir='ltr'>di</span> <span class='ocrx_word' id='word_1_301' title='bbox 474 2336 624 2365; x_wconf 71' lang='lat' dir='ltr'>Francesco</span> <span class='ocrx_word' id='word_1_302' title='bbox 645 2337 722 2365; x_wconf 86' lang='lat' dir='ltr'>Salu·</span> <span class='ocrx_word' id='word_1_303' title='bbox 804 2338 845 2373; x_wconf 84' lang='lat'>(3)</span> <span class='ocrx_word' id='word_1_304' title='bbox 865 2337 908 2365; x_wconf 83' lang='lat' dir='ltr'>Cs.</span> <span class='ocrx_word' id='word_1_305' title='bbox 928 2337 990 2365; x_wconf 80' lang='lat' dir='ltr'>Cxc.</span> <span class='ocrx_word' id='word_1_306' title='bbox 1006 2338 1046 2364; x_wconf 73' lang='lat' dir='ltr'>Dc</span> <span class='ocrx_word' id='word_1_307' title='bbox 1064 2337 1130 2373; x_wconf 81' lang='lat' dir='ltr'><strong><em>⁰sfi⁶·</em></strong></span> <span class='ocrx_word' id='word_1_308' title='bbox 1149 2337 1170 2372; x_wconf 81' lang='lat'>1,</span> <span class='ocrx_word' id='word_1_309' title='bbox 1188 2344 1258 2371; x_wconf 77' lang='lat' dir='ltr'>xvii,</span> <span class='ocrx_word' id='word_1_310' title='bbox 1279 2337 1319 2372; x_wconf 85' lang='lat'>56.</span> 
     </span>
    </p>
   </div>
   <div class='ocr_carea' id='block_1_17' title="bbox 151 2378 1254 2416">
    <p class='ocr_par' dir='ltr' id='par_1_19' title="bbox 151 2378 1254 2416">
     <span class='ocr_line' id='line_1_40' title="bbox 151 2378 1254 2416; baseline 0 -9"><span class='ocrx_word' id='word_1_311' title='bbox 151 2380 208 2408; x_wconf 82' lang='lat' dir='ltr'>tati.</span> <span class='ocrx_word' id='word_1_312' title='bbox 803 2380 847 2416; x_wconf 84' lang='lat'>(4)</span> <span class='ocrx_word' id='word_1_313' title='bbox 866 2379 955 2408; x_wconf 69' lang='lat' dir='ltr'>Vno.</span> <span class='ocrx_word' id='word_1_314' title='bbox 973 2380 1038 2407; x_wconf 78' lang='lat' dir='ltr'>Aen.</span> <span class='ocrx_word' id='word_1_315' title='bbox 1055 2379 1102 2413; x_wconf 81' lang='lat' dir='ltr'>vl,</span> <span class='ocrx_word' id='word_1_316' title='bbox 1125 2378 1254 2416; x_wconf 88' lang='lat'>595-600.</span> 
     </span>
    </p>
   </div>
   <div class='ocr_carea' id='block_1_18' title="bbox 1356 350 1571 539">
    <p class='ocr_par' dir='ltr' id='par_1_20' title="bbox 1356 350 1569 406">
     <span class='ocr_line' id='line_1_41' title="bbox 1356 350 1569 378; baseline -0.009 -6"><span class='ocrx_word' id='word_1_317' title='bbox 1356 352 1386 372; x_wconf 80' lang='lat' dir='ltr'>ria</span> <span class='ocrx_word' id='word_1_318' title='bbox 1375 356 1412 371; x_wconf 79' lang='lat' dir='ltr'>am</span> <span class='ocrx_word' id='word_1_319' title='bbox 1406 350 1520 378; x_wconf 71' lang='lat' dir='ltr'>mndogli</span> <span class='ocrx_word' id='word_1_320' title='bbox 1548 351 1569 370; x_wconf 88' lang='lat' dir='ltr'>in</span> 
     </span>
     <span class='ocr_line' id='line_1_42' title="bbox 1357 376 1571 410; baseline -0.01 -12"><span class='ocrx_word' id='word_1_321' title='bbox 1357 377 1435 410; x_wconf 76' lang='lat' dir='ltr'>pennu</span> <span class='ocrx_word' id='word_1_322' title='bbox 1443 377 1507 398; x_wconf 66' lang='grc' dir='ltr'>ἕποιο</span> <span class='ocrx_word' id='word_1_323' title='bbox 1517 376 1571 397; x_wconf 70' lang='lat' dir='ltr'>della</span> 
     </span>
    </p>

    <p class='ocr_par' dir='ltr' id='par_1_21' title="bbox 1357 403 1570 539">
     <span class='ocr_line' id='line_1_43' title="bbox 1371 403 1569 425; baseline -0.006 0.047"><span class='ocrx_word' id='word_1_324' title='bbox 1371 405 1392 425; x_wconf 70' lang='lat' dir='ltr'>iu</span> <span class='ocrx_word' id='word_1_325' title='bbox 1401 404 1458 425; x_wconf 83' lang='lat' dir='ltr'>calda</span> <span class='ocrx_word' id='word_1_326' title='bbox 1468 403 1569 424; x_wconf 65' lang='lat' dir='ltr'>amicitia.</span> 
     </span>
     <span class='ocr_line' id='line_1_44' title="bbox 1357 412 1570 457; baseline -0.01 -5"><span class='ocrx_word' id='word_1_327' title='bbox 1357 412 1399 452; x_wconf 53' lang='lat' dir='ltr'>gen</span> <span class='ocrx_word' id='word_1_328' title='bbox 1424 430 1514 451; x_wconf 72' lang='lat' dir='ltr'>molesto</span> <span class='ocrx_word' id='word_1_329' title='bbox 1540 430 1570 457; x_wconf 69' lang='lat'>311</span> 
     </span>
     <span class='ocr_line' id='line_1_45' title="bbox 1357 459 1570 504; baseline 0 0"><span class='ocrx_word' id='word_1_330' title='bbox 1357 459 1421 479; x_wconf 56' lang='lat' dir='ltr'>‘m</span> <span class='ocrx_word' id='word_1_331' title='bbox 1384 484 1428 504; x_wconf 85' lang='lat' dir='ltr'>erol</span> <span class='ocrx_word' id='word_1_332' title='bbox 1444 462 1570 504; x_wconf 56' lang='grc' dir='ltr'>ωιίηνιεάιιιο</span> 
     </span>
     <span class='ocr_line' id='line_1_46' title="bbox 1357 511 1490 539; baseline -0.008 -7"><span class='ocrx_word' id='word_1_333' title='bbox 1357 511 1378 532; x_wconf 81' lang='lat' dir='ltr'>d·</span> <span class='ocrx_word' id='word_1_334' title='bbox 1384 517 1490 539; x_wconf 70' lang='lat' dir='ltr'>appresso,</span> 
     </span>
    </p>
   </div>
   <div class='ocr_carea' id='block_1_19' title="bbox 1361 981 1574 1034">
    <p class='ocr_par' dir='ltr' id='par_1_22' title="bbox 1361 981 1574 1034">
     <span class='ocr_line' id='line_1_47' title="bbox 1361 981 1574 1009; baseline 0 -7"><span class='ocrx_word' id='word_1_335' title='bbox 1361 989 1372 1002; x_wconf 80' lang='lat' dir='ltr'>e</span> <span class='ocrx_word' id='word_1_336' title='bbox 1386 982 1442 1002; x_wconf 81' lang='lat' dir='ltr'>viver</span> <span class='ocrx_word' id='word_1_337' title='bbox 1454 988 1535 1009; x_wconf 80' lang='lat' dir='ltr'>aempre</span> <span class='ocrx_word' id='word_1_338' title='bbox 1548 981 1574 1002; x_wconf 73' lang='lat' dir='ltr'>da</span> 
     </span>
     <span class='ocr_line' id='line_1_48' title="bbox 1362 1009 1479 1034; baseline 0 -5"><span class='ocrx_word' id='word_1_339' title='bbox 1362 1009 1391 1029; x_wconf 83' lang='lat' dir='ltr'>lui</span> <span class='ocrx_word' id='word_1_340' title='bbox 1404 1009 1479 1034; x_wconf 69' lang='lat' dir='ltr'>divino,</span> 
     </span>
    </p>
   </div>
   <div class='ocr_carea' id='block_1_20' title="bbox 1362 1097 1575 1152">
    <p class='ocr_par' dir='ltr' id='par_1_23' title="bbox 1362 1097 1564 1145">
     <span class='ocr_line' id='line_1_49' title="bbox 1362 1097 1528 1130; baseline 0 -12"><span class='ocrx_word' id='word_1_341' title='bbox 1362 1099 1380 1118; x_wconf 80' lang='lat' dir='ltr'>ai</span> <span class='ocrx_word' id='word_1_342' title='bbox 1395 1098 1433 1118; x_wconf 76' lang='lat' dir='ltr'>:be</span> <span class='ocrx_word' id='word_1_343' title='bbox 1456 1097 1528 1130; x_wconf 86' lang='lat' dir='ltr'>lipare</span> 
     </span>
     <span class='ocr_line' id='line_1_50' title="bbox 1362 1104 1575 1152; baseline 0 -7"><span class='ocrx_word' id='word_1_344' title='bbox 1362 1125 1449 1152; x_wconf 67' lang='lat' dir='ltr'>tenieg</span> <span class='ocrx_word' id='word_1_345' title='bbox 1459 1104 1528 1145; x_wconf 81' lang='lat' dir='ltr'>&#39;ed</span> <span class='ocrx_word' id='word_1_346' title='bbox 1509 1104 1575 1145; x_wconf 73' lang='lat' dir='ltr'>Anto-</span> 
     </span>
    </p>
   </div>
   <div class='ocr_carea' id='block_1_21' title="bbox 1362 1131 1574 1200">
    <p class='ocr_par' dir='ltr' id='par_1_24' title="bbox 1362 1131 1574 1200">
     <span class='ocr_line' id='line_1_51' title="bbox 1362 1131 1574 1200; baseline 0 -28"><span class='ocrx_word' id='word_1_347' title='bbox 1362 1152 1417 1198; x_wconf 62' lang='lat' dir='ltr'>niori</span> <span class='ocrx_word' id='word_1_348' title='bbox 1418 1131 1574 1200; x_wconf 60' lang='lat' dir='ltr'>ragaemigliare</span> 
     </span>
    </p>
   </div>
   <div class='ocr_carea' id='block_1_22' title="bbox 1365 1591 1576 1639">
    <p class='ocr_par' dir='ltr' id='par_1_25' title="bbox 1365 1591 1576 1639">
     <span class='ocr_line' id='line_1_52' title="bbox 1365 1591 1576 1612; baseline -0.005 0"><span class='ocrx_word' id='word_1_349' title='bbox 1365 1596 1490 1612; x_wconf 74' lang='lat' dir='ltr'>toi-mentam</span> <span class='ocrx_word' id='word_1_350' title='bbox 1534 1591 1576 1612; x_wconf 81' lang='lat' dir='ltr'>dal-</span> 
     </span>
     <span class='ocr_line' id='line_1_53' title="bbox 1365 1618 1501 1639; baseline 0 0"><span class='ocrx_word' id='word_1_351' title='bbox 1365 1618 1501 1639; x_wconf 60' lang='lat' dir='ltr'>l&#39;avvoltolro.</span> 
     </span>
    </p>
   </div>
  </div>
 </body>
</html>
