1696 2782
0 966 3 973 -
0 897 3 910 w
0 877 2 882 ·
0 747 9 862 -u-v-vv—
0 358 9 732 <·-rvw-v=--—-o-u=-·>·-—r-·r—···z-

72 919 113 944 10

71 1213 111 1246 ¹5

412 268 461 295 DI
495 267 759 296 COLUCCIO
791 266 1065 294 SALUTATI.
1279 268 1336 291 121

144 402 210 426 tam
229 392 331 426 multa
345 403 421 426 cum
437 392 506 436 ipso
526 391 670 432 discussi,
686 401 741 426 tua
755 391 848 425 fuen't
866 401 897 425 et
916 402 983 424 non
999 403 1056 425 sua
1068 392 1112 425 (¹).
1160 391 1282 425 accedit
1301 391 1340 424 ad

144 450 203 485 hec
225 450 324 495 quod,
340 461 414 484 cum
431 449 567 484 Iacobus
587 461 679 483 meus
695 449 735 483 de
754 459 786 483 te
805 459 837 483 et
855 449 1001 483 doctrina
1020 458 1075 482 tua
1094 449 1194 483 multa
1213 449 1339 490 scribat,

144 509 195 542 cui
217 509 261 542 rei
288 508 390 542 littere
413 516 467 542 tue
495 507 597 541 taliter
620 507 837 552 astipulantur,
861 506 950 552 quod
974 518 1029 551 per
1052 517 1155 541 semet
1180 507 1249 541 sine
1279 519 1339 541 suo

142 566 330 600 testimonio
342 565 441 599 fidem
453 565 570 599 faciant
585 575 616 600 te
631 575 757 600 tantum
777 565 884 599 divine
897 565 996 610 gratie
1014 566 1170 610 recepisse
1182 575 1339 610 quantum

142 624 206 666 ille,
224 624 298 658 licet
321 622 472 663 exundet,
496 635 563 657 non
588 632 694 668 potest
717 623 865 667 amplecti
879 623 932 664 (²);
957 623 1053 657 nimis
1071 623 1244 668 indignum
1268 634 1337 657 esse

142 681 279 723 videtur,
300 681 389 726 quod
410 682 466 726 qui
481 690 530 715 tot
549 681 642 716 donis
665 680 798 726 effulget
823 691 855 714 et
874 681 976 715 clarus
996 690 1044 715 est
1063 681 1102 715 ab
1121 682 1254 716 homine
1269 693 1338 716 non

141 739 272 774 oolatur.
317 738 403 784 quid
415 737 523 773 autem
542 748 649 773 tecum
668 739 804 784 loquar?
850 739 951 773 multa
970 739 1074 773 dicere
1093 739 1263 783 prohibent
1282 752 1338 774 an-

140 798 244 843 gustie
258 798 422 843 temporis,
441 797 529 842 quod
548 807 636 832 tanta
655 797 830 842 respublica
854 797 995 832 vindicat
1012 797 1164 842 quodque
1183 799 1227 832 rei
1247 798 1338 832 fami-

140 857 224 891 liaris
236 867 320 897 cura,
330 868 405 901 que,
413 856 536 901 sepulta
549 855 691 890 kalendis
705 856 824 890 mensis
835 856 929 890 huius
940 856 1090 901 coniuge,
1102 868 1196 900 super
1205 868 1258 890 me
1270 867 1338 891 tota

139 914 294 955 recubuit,
310 913 410 949 aufert
421 914 472 947 (³):
488 925 588 959 pauca
596 925 674 948 vero
689 914 818 955 dictare,
835 926 910 948 cum
923 924 1014 948 tanto
1029 916 1126 948 maris
1143 925 1243 949 tractu
1256 925 1338 949 tam-

139 984 202 1018 que
219 973 314 1007 vastis
323 972 510 1007 dirimamur
520 982 674 1007 terrarum
687 971 883 1013 excursibus,
893 972 982 1017 quod
993 973 1046 1006 vix
1060 972 1151 1006 bisin
1166 984 1252 1007 anno
1265 985 1337 1018 pos-

139 1031 240 1066 simus
251 1042 312 1065 nos
330 1030 440 1065 litteris
459 1031 598 1072 visitare,
620 1042 687 1064 non
709 1030 876 1065 videbatur
895 1030 1034 1065 omnino
1054 1042 1242 1076 congruere,
1264 1043 1339 1066 cum

140 1088 282 1123 maxime
294 1098 424 1134 cogeret
443 1098 617 1133 conceptus
636 1100 728 1123 amor
741 1098 773 1122 et
786 1089 914 1133 incepte
927 1088 1106 1122 dilectionis
1119 1088 1251 1123 affectus
1270 1101 1337 1123 non

138 1157 240 1191 pauca
257 1147 381 1181 referre.
428 1158 541 1181 verum
553 1147 628 1192 quia
641 1157 734 1192 spero
753 1158 810 1191 per
824 1147 885 1180 Dei
900 1147 1035 1191 gratiam
1056 1156 1087 1180 te
1101 1146 1220 1188 videre,
1238 1147 1338 1182 multa

138 1203 382 1245 reservabimus,
394 1204 460 1239 imo
480 1203 580 1239 ferme
598 1215 723 1246 cuncta,
738 1216 800 1249 que
823 1204 1102 1248 impresentiarum
1120 1204 1224 1239 dicere
1244 1216 1336 1240 mens

138 1262 260 1297 calebat
267 1275 278 1304 ;
301 1261 501 1308 sufficiatque
524 1263 642 1297 caritati
668 1272 722 1296 tue
746 1264 826 1297 scire
850 1272 881 1296 te
906 1274 974 1296 nou
998 1263 1062 1296 iam
1086 1262 1165 1303 fore,
1185 1263 1242 1297 sed
1266 1275 1335 1297 esse

138 1319 219 1354 meis
237 1321 392 1354 insertum
406 1320 563 1361 sensibus,
583 1330 618 1354 ut
637 1321 793 1362 amicum;
809 1332 925 1365 meque
944 1332 1011 1354 non
1028 1320 1135 1354 solum
1156 1320 1335 1355 decrevisse
1362 1340 1388 1354 οι

136 1377 225 1423 quod
243 1387 275 1412 te
297 1377 441 1423 diligam,
463 1378 520 1413 sed
539 1379 582 1413 ita
601 1378 632 1412 d·
647 1379 733 1424 'gere
751 1378 917 1423 taliterque
936 1390 1055 1419 amare,
1073 1379 1163 1424 quod
1182 1380 1228 1412 sic
1247 1391 1335 1414 acce-

137 1435 211 1470 dere
233 1437 358 1481 possint
384 1437 528 1471 amicicie
556 1446 587 1471 et
629 1436 787 1471 ilectionis
805 1446 908 1478 actuS,
927 1436 1015 1482 quod
1036 1437 1126 1471 nullo
1145 1436 1247 1471 modo
1268 1449 1334 1471 cre-

135 1505 222 1529 scere
237 1495 338 1540 possit
353 1493 493 1530 affectus.
538 1506 637 1540 quam
659 1495 790 1540 quidem
810 1495 990 1529 amiciciam
1010 1495 1074 1529 iam
1094 1507 1134 1529 ex
1154 1507 1227 1530 mea
1245 1507 1333 1541 parte

134 1552 288 1596 genitam,
313 1564 379 1587 non
407 1564 461 1587 me
487 1563 579 1598 putes
597 1553 775 1598 intelligere
803 1564 914 1587 veram
933 1553 1032 1594 illam,
1052 1563 1276 1588 consumatam
1300 1563 1332 1588 et

1001 1667 1036 1684 ai.
1051 1661 1089 1684 Me
1102 1668 1183 1685 ver-nm

186 1660 212 1689 ’3.
226 1659 282 1683 Cod.
297 1659 346 1683 nine
415 1666 448 1684 ιι.
463 1660 518 1684 cod.
532 1660 650 1684 diruamus·
707 1667 742 1691 ¹7·
757 1661 837 1685 conte
847 1661 884 1684 Me
897 1667 933 1683 me

755 1758 806 1786 che
825 1758 844 1785 il
870 1766 885 1786 2
913 1758 1034 1786 febbraio
1062 1767 1128 1795 ¹397
1156 1759 1282 1787 Manuele
1309 1761 1332 1788 si

753 1807 866 1829 trovava
884 1810 970 1829 ancor
988 1801 1044 1837 egli
1065 1801 1126 1829 sull'
1135 1802 1221 1835 Arno,
1231 1803 1328 1838 poiche

133 1758 230 1791 cestui,
242 1757 355 1784 recamsi
369 1757 415 1785 col
430 1757 568 1785 Crisolora
585 1766 601 1785 a
619 1758 710 1786 Bisan-

132 1799 184 1834 zio,
202 1799 305 1827 vissuto
317 1799 391 1836 quivi
405 1799 511 1827 secolui
523 1801 550 1827 in
566 1806 657 1828 sta-etta
672 1801 709 1828 in-

132 1842 228 1875 amita,
241 1842 398 1876 incutiente,
413 1851 494 1870 come
509 1851 543 1870 or
555 1851 602 1870 ora
614 1843 708 1871 vedre-

132 1892 190 1917 mo‚
208 1884 253 1912 dal
272 1884 301 1912 S.
319 1884 348 1912 di
364 1893 495 1920 spronare
515 1885 534 1912 il
555 1891 674 1914 maestm
691 1894 707 1913 a

130 1926 223 1954 venire
240 1934 256 1954 a
274 1926 395 1960 Firenze,
412 1927 440 1954 di
459 1927 629 1963 agevolargu
647 1929 707 1955 anzi

132 1977 184 1996 con
202 1969 267 2004 ogni
286 1969 416 1996 industria
435 1969 454 1997 il
466 1969 577 2006 viaggio
592 1969 677 2006 lungo
691 1979 707 1998 e

130 2009 253 2043 Ῑιεὶωω.
280 2018 309 2038 se
337 2018 372 2038 ne
399 2010 471 2038 fone
490 2011 536 2047 poi
554 2011 654 2047 partito
672 2011 706 2038 da

131 2051 352 2088 Comntinopoli
379 2053 466 2089 prima
490 2053 533 2080 del
557 2053 706 2082 Crisolora.

130 2093 162 2120 lo
179 2094 263 2121 nimo
280 2094 389 2131 dunque
403 2095 455 2122 che
468 2095 555 2131 questi
567 2095 706 2123 sbarcasse

130 2135 244 2163 insieme
251 2135 398 2173 all'Angeli
414 2146 430 2164 a
439 2136 560 2165 Venetia
572 2138 704 2175 nell'ago-

129 2182 189 2210 sto3
206 2186 252 2205 ma
269 2178 321 2206 che
338 2179 367 2206 vi
381 2179 404 2206 si
417 2185 576 2207 nattenesse
588 2180 705 2216 qualche

130 2228 262 2257 meeeper
276 2220 359 2249 rihni
374 2221 446 2250 delle
457 2221 559 2250 fatiche
574 2222 617 2251 del
631 2231 705 2251 carn-

129 2263 216 2296 mino‚
234 2269 339 2291 messere
356 2264 483 2301 l'Angeli,
501 2265 663 2302 impatiente
678 2266 705 2293 di

129 2305 236 2333 riveder
254 2307 262 2333 i
281 2306 421 2342 congiuuti
440 2315 456 2334 e
475 2307 512 2342 gli
540 2307 631 2341 amici,
658 2309 704 2344 piu

130 2347 240 2382 giovine
258 2355 274 2375 e
292 2347 338 2383 piu
364 2347 517 2384 gagliardo,
546 2349 704 2385 riprendeva

129 2394 203 2416 tosto
221 2389 248 2416 la
265 2390 311 2417 via
322 2398 370 2426 per
382 2390 499 2418 Firenne.
537 2391 703 2429 Cornuaque

129 2432 285 2467 perusino
299 2432 435 2461 andatele
449 2434 704 2471 maeque-:erto

236 2502 346 2526 Cohtdo
358 2503 472 2531 Sadalou,
486 2504 530 2527 m.

753 1845 781 1871 in
799 1844 861 1880 quel
879 1845 976 1880 giorno
996 1854 1011 1870 α
1025 1853 1055 1872 se
1070 1852 1164 1871 coram
1181 1845 1260 1873 dictis
1276 1854 1332 1873 ma-

754 1895 769 1911 «
783 1885 887 1921 gnifieis
906 1886 1026 1913 dominis
1044 1887 1275 1922 representavit»,
1292 1896 1334 1915 ac-

753 1927 880 1954 cettando
906 1926 1052 1954 l'elexione
1079 1936 1138 1961 sua,
1157 1929 1331 1956 secondoche

753 1977 799 1996 era
825 1975 895 1996 stata
923 1969 1078 1997 modificata
1105 1969 1123 1996 l’
1137 1978 1165 1997 ιι
1193 1970 1329 1998 dicernbre

753 2011 898 2040 dell'anno
925 2013 1041 2039 innanzi.
1093 2012 1145 2039 Del
1173 2013 1235 2048 qual
1263 2019 1330 2046 atto,

753 2062 832 2082 come
849 2054 920 2082 della
944 2053 1062 2088 riferma,
1089 2060 1223 2082 avvenuta
1252 2055 1270 2082 il
1299 2063 1330 2089 ¹4

752 2105 845 2124 marzo
861 2097 928 2133 1398
943 2097 1012 2132 (non
1028 2097 1082 2133 '97‚
1100 2105 1177 2124 come
1191 2099 1298 2134 stampo
1310 2097 1331 2124 il

753 2139 916 2172 Grumum,
939 2147 984 2175 op.
1011 2140 1056 2167 cit.
1074 2147 1129 2174 par.
1148 2139 1182 2171 ΙΙ,
1204 2148 1230 2175 p.
1258 2141 1330 2175 370),

752 2182 833 2209 esiste
850 2181 988 2209 l'abbozzo
1008 2180 1149 2217 autografo
1174 2181 1219 2208 del
1237 2181 1267 2209 S.
1284 2182 1331 2209 nel

751 2233 800 2252 ms.
820 2224 949 2252 Laurenz.
969 2224 1094 2252 Antinori
1109 2233 1137 2251 n.
1152 2231 1213 2260 ²07·

787 2267 830 2302 (ι)
849 2267 893 2294 Cf.
906 2266 1038 2303 l'epiatola
1052 2266 1222 2303 precedente,
1233 2275 1259 2302 p.
1271 2267 1328 2295 118.

786 2308 830 2344 (2)
850 2309 956 2342 Queste
972 2308 1066 2336 lettere
1077 2307 1122 2336 del
1135 2308 1278 2336 Crisolora
1289 2317 1331 2337 sa-

750 2359 837 2378 rauno
859 2350 1074 2387 probabilmente
1101 2356 1170 2378 state
1198 2350 1294 2378 diretoe
1313 2359 1329 2378 a

750 2392 871 2420 Roberto
887 2393 975 2420 Rossi.

785 2435 828 2471 (3)
844 2435 886 2463 Cf.
894 2434 956 2471 l'ep.
963 2442 1003 2462 xv
1011 2435 1037 2462 di
1046 2440 1142 2471 questo
1151 2434 1228 2468 libro,
1233 2444 1258 2471 p.
1269 2435 1325 2463 126.

1202 2497 1232 2525 8·

1394 396 1423 416 Di
1444 397 1478 424 pin
1496 398 1582 418 mel-ebe

1368 429 1417 443 eon
1456 423 1582 445 diadleevole

1367 456 1410 470 non
1419 449 1461 470 fare
1471 455 1515 471 ano
1525 451 1581 471 ἀόι-

1405 477 1440 497 nio
1454 484 1466 497 ι
1478 477 1507 497 tal
1517 484 1581 498 nonio

1367 503 1427 531 quale
1441 503 1483 532 egli
1497 505 1517 526 ὲ.
