1682 2762
88 377 100 391 e
125 370 225 398 per-uada
255 369 304 398 quel

86 398 205 422 Riccinrdo,
223 397 243 417 di
270 397 303 417 cui

86 425 108 445 in
114 431 160 445 eun
167 426 178 444 ὲ
185 423 301 452 questione,

86 459 99 472 ι
107 459 150 472 uon
157 457 259 472 trucum
269 451 303 478 piu

86 479 142 499 oltre
170 479 190 499 d'
201 485 225 506 ap
241 484 303 505 ngare

87 506 107 526 ln
121 505 208 526 volout&
235 505 255 525 el
266 510 304 525 suo

88 533 176 553 defunto
210 532 303 557 fratello,

87 559 217 587 erigendogli
235 559 249 580 il
269 559 303 579 de-

87 588 166 607 stin-to
181 586 283 614 sepulcro.

117 835 139 856 S'
147 835 206 856 nffidn
219 839 275 855 tutto
293 841 305 854 n

92 863 130 888 lui,
140 862 216 891 perche
226 862 246 882 ln
255 868 306 882 ceu

90 897 156 917 ἐπις-
171 890 190 910 nl
210 890 304 910 bum-to

90 917 131 938 fine
145 917 245 938 condoct-

91 1078 102 1091 e
121 1070 150 1098 gli
169 1069 307 1090 mecon-mnd-

93 1098 99 1118 i
113 1097 207 1118 conversi
221 1097 257 1117 :he
273 1103 308 1124 per

93 1125 122 1145 ul
142 1125 221 1145 motivo
239 1124 257 1144 ni
276 1130 307 1144 re-

93 1159 147 1172 cnno
163 1158 174 1172 ι
190 1151 264 1172 Luccn.

159 1774 252 1798 Firma,

101 1808 124 1828 ¹4
138 1802 223 1829 mnggio
239 1800 311 1827 1⁴0..?

132 1836 149 1861 Ε
177 1842 273 1869 prigione
300 1848 312 1862 ι

98 1869 166 1889 Luce·
192 1875 227 1895 per
249 1869 312 1889 debiti

98 1895 169 1916 Pietro
199 1895 220 1915 di
257 1895 312 1916 v-n-

99 1923 174 1943 nuccio
189 1922 272 1950 Arrighi
287 1923 312 1943 dn

99 1949 244 1974 Montecnini.

99 1990 131 2010 del
142 1991 203 2018 padre
211 1990 243 2011 del
252 1990 311 2018 quale

100 2024 111 2037 e
127 2017 140 2038 li
163 2017 185 2037 fu
207 2024 218 2037 e
236 2024 272 2044 per
293 2017 312 2037 ln

99 2025 205 2065 vfcinmzn
219 2045 251 2064 del
266 2044 311 2064 luo-

99 2077 128 2098 go
141 2071 209 2092 nnnle
220 2078 231 2091 e
245 2078 281 2099 per
293 2071 313 2091 le

99 2105 140 2130 sue·
164 2099 218 2119 virtu
243 2098 312 2119 molto

100 2132 176 2146 amuco.

334 230 398 264 668
761 233 1111 262 EPISTOLARIO

333 363 476 398 scribant
499 373 531 397 et
550 375 608 408 pro
629 363 685 403 eis,
701 362 768 395 imo
792 361 976 407 pro-salute
1000 360 1208 404 superstitum
1231 368 1263 393 et
1282 359 1342 393 Dei
1366 358 1544 393 reverentia

335 423 479 464 obsecro,
496 431 655 467 quatenus
679 421 806 455 coneris
822 421 886 455 hoc
902 421 956 462 ita,
973 419 1062 466 quod
1087 418 1274 455 Ricciardus
1292 416 1395 452 fratris
1411 418 1460 452 sui
1476 428 1544 451 non

334 482 477 526 negligat
503 481 716 522 voluntatem,
740 492 781 514 ne
809 481 899 514 Deus
923 491 1017 514 suam
1041 478 1186 524 negligat
1195 491 1205 520 ;
1236 476 1398 522 reducque
1422 477 1455 510 in
1478 487 1545 510 me-

334 540 472 573 moriam
504 538 564 572 sibi
594 538 694 584 quod,
720 549 795 573 cum
825 538 938 572 omnia
972 546 1087 572 nutent
1117 546 1149 570 et
1181 534 1322 570 titubent
1356 533 1441 579 apud
1471 544 1543 575 nos,

332 598 440 633 solum
461 609 498 631 ea
517 607 586 632 tuta
605 607 637 631 et
656 597 750 631 firma
769 607 844 632 sunt
874 608 949 631 cum
976 606 1088 631 nostro
1114 596 1230 630 merito
1249 605 1314 639 que
1333 591 1543 628 recondimus

333 656 417 703 apud
438 658 558 691 Deum.
605 658 640 691 in
665 658 756 691 cuius
779 657 822 690 rei
845 655 1055 690 celeberrimo
1073 655 1170 696 facto,
1191 654 1217 688 si
1237 653 1385 688 relictum
1408 651 1477 686 fieri
1498 650 1543 685 fe-

332 716 408 750 cerit
432 725 698 756 monumentum,
717 714 811 748 saluti
829 725 888 758 sue
908 713 1067 755 consulet,
1082 712 1186 746 fratris
1200 709 1394 757 glorificabit
1417 720 1545 744 memo·

331 775 424 815 riam,
449 775 522 808 Deo
557 773 704 818 placebit,
730 785 829 818 quem
864 784 987 818 negans
1022 771 1211 813 offenderet,
1236 779 1267 804 et
1294 769 1455 804 malivolis
1478 768 1546 802 suis

332 845 402 867 rem
426 832 574 866 odiosam
592 841 623 866 et
640 831 864 877 displicibilem
890 830 1105 865 consumabit.
1152 829 1201 864 fac
1226 840 1305 875 ergo
1323 827 1413 874 quod
1432 836 1546 873 potes3

332 903 424 937 roga,
450 903 560 931 mone,
580 891 661 924 insta
682 902 838 935 cogeque.
893 887 1015 924 etenim
1041 889 1068 923 si
1091 888 1216 923 realiter
1242 886 1372 932 urgebis
1391 895 1424 920 et
1443 885 1547 927 voles,

333 950 490 995 quoniam
510 961 606 983 suum
630 959 678 983 est
701 948 860 990 debitum,
884 960 952 982 non
980 947 1123 992 negabit.
1170 946 1241 981 vale
1261 955 1294 980 et
1316 944 1435 990 perfice
1454 945 1546 990 pium

334 1010 397 1044 hoc
422 1021 520 1054 opus3
544 1008 633 1054 quod
658 1017 707 1042 est
730 1008 774 1043 illi
803 1007 961 1048 debitum,
986 1006 1042 1041 tibi
1078 1006 1169 1040 facile
1203 1005 1368 1050 michique
1403 1013 1545 1050 gratum,

334 1070 403 1103 imo
427 1068 658 1112 gratissimum.
715 1068 832 1101 iterum
852 1067 934 1100 vale.
991 1066 1086 1100 tertio
1116 1065 1179 1099 kal.
1212 1065 1323 1098 maias.
1381 1061 1547 1097 conversis

335 1128 389 1172 qui
414 1127 549 1160 veniunt
569 1135 601 1160 et
619 1126 772 1160 universo
797 1125 997 1160 monasterio
1026 1123 1078 1158 fac
1107 1122 1259 1158 ostendas
1289 1134 1358 1157 non
1387 1121 1496 1156 solum
1518 1119 1547 1154 si

337 1197 390 1219 me
411 1185 529 1230 diligis,
553 1184 610 1218 sed
628 1184 740 1229 quanti
765 1183 852 1218 facis.
900 1193 933 1218 et
950 1183 1047 1218 tertio
1067 1182 1148 1217 vale.

405 1244 499 1277 Tuus
515 1243 671 1278 Colucius
689 1242 851 1277 Salutatus
868 1241 1075 1276 cancellarius
1088 1241 1279 1275 florentinus
1294 1251 1393 1274 manu
1410 1237 1546 1283 propria.

898 1397 992 1432 XXI.

787 1475 837 1508 Ar.
871 1483 1040 1508 Mnnnsnm
1052 1472 1099 1507 (¹).
1133 1478 1135 1485 ·

340 1553 385 1588 [R.
405 1552 490 1580 Arch.
509 1552 536 1579 di
556 1552 635 1579 stato
654 1551 681 1578 in
701 1550 799 1583 Lucca,
821 1550 940 1578 Govcrno
964 1549 990 1576 ai
1014 1549 1042 1576 P.
1067 1548 1185 1584 Guinigi,
1203 1547 1300 1576 Lmen
1317 1555 1335 1574 a
1353 1546 1387 1575 G.
1407 1545 1550 1583 Mansndt',

635 1601 696 1628 filza
717 1609 759 1637 29,
778 1599 929 1636 originale;
949 1598 967 1626 il
985 1597 1114 1635 suggello
1133 1597 1253 1632 manca]

564 1696 688 1742 Insigni
713 1697 784 1729 viro
808 1706 859 1729 ser
882 1693 1027 1728 Guidoni
1051 1692 1091 1727 de
1114 1693 1323 1727 Petrasancta

483 1754 675 1789 cancellario
700 1753 825 1787 domini
849 1753 971 1787 Lucani
995 1750 1082 1786 fratri
1106 1750 1287 1785 karissimo.

1333 1749 1408 1785 .co.

425 1855 456 1878 m
476 1843 623 1889 insignis,
643 1842 739 1877 frater
762 1852 794 1877 et
817 1842 921 1876 amice
945 1841 1121 1875 karissime.
1168 1839 1328 1874 detinetur
1351 1838 1394 1873 ob
1417 1850 1452 1873 es
1475 1838 1551 1873 alie·

344 1852 419 1936 V
436 1915 514 1936 num
547 1903 580 1936 in
612 1901 789 1936 carceribus
822 1900 936 1935 vestris
967 1901 1080 1934 Petrus
1104 1898 1284 1933 Vannuccii
1317 1898 1436 1942 Artigi,
1459 1897 1551 1931 cuius

340 1970 430 2006 pater
449 1961 592 2006 optimus
617 1961 666 1994 vir
685 1959 744 1994 fuit
769 1959 938 2004 bonusque
968 1967 1128 1992 mercator
1150 1957 1316 2002 michique
1339 1956 1478 2002 plurima
1501 1955 1551 1990 di-

340 2019 479 2053 lectione
504 2031 683 2054 connexus.
730 2019 848 2052 virtute
871 2026 904 2051 et
928 2017 1071 2051 bonitate
1087 2028 1145 2050 sua
1159 2025 1202 2056 et,
1217 2015 1374 2060 quoniam
1391 2014 1432 2048 de
1451 2015 1550 2048 Mon·

341 2079 482 2112 tecatino
507 2088 600 2112 natus
630 2088 708 2118 erat,
729 2077 890 2111 vicinitate
920 2077 1021 2121 patrie
1057 2075 1353 2119 coniunctioneque
1383 2073 1551 2119 provincie

342 2138 440 2172 michi
465 2138 646 2171 carissimus
670 2146 702 2171 et
725 2135 923 2170 domesticus
951 2134 1010 2169 fuit
1028 2135 1062 2168 in
1082 2134 1148 2168 vita
1170 2144 1363 2178 semperque
1381 2131 1426 2166 fui
1446 2141 1550 2166 tomm

398 2252 418 2269 1.
432 2244 601 2273 L'autogrqfo
614 2244 740 2266 reverentii

341 2286 369 2308 di
382 2286 444 2307 tarlo
459 2286 519 2307 nella
533 2287 610 2307 carta.
667 2290 702 2306 ιιι.
719 2283 775 2306 Cos)
789 2290 805 2306 a
820 2285 890 2312 tergo
903 2283 957 2306 deu·
963 2282 1094 2311 originale,

809 2249 832 2272 9.
848 2243 874 2265 L'
883 2250 896 2265 ι
908 2243 937 2265 di
948 2246 1014 2271 potes
1027 2242 1040 2264 ἑ
1054 2242 1110 2264 nelt'
1116 2241 1255 2270 autogrqso
1269 2242 1446 2269 mantem
1454 2239 1551 2269 ειμι)

1149 2287 1187 2310 ²7.
1198 2281 1295 2310 L'ore'g.
1309 2279 1443 2303 couniunct.

377 2383 421 2418 (ι)
441 2383 551 2410 Intorno
571 2390 586 2409 a
602 2381 695 2410 Pietro
714 2382 740 2409 di
760 2381 921 2409 Vannuccio
967 2381 1013 2417 qui
1033 2380 1059 2407 la
1078 2379 1267 2407 misericordia
1278 2377 1324 2406 del
1341 2376 1475 2405 Manfoedi
1493 2384 1550 2404 non

342 2426 454 2461 Arrighi
468 2434 516 2462 per
528 2425 546 2452 il
562 2425 643 2462 quale
657 2425 791 2452 Coluccio
804 2424 921 2460 implora
967 2425 991 2451 ci
1011 2431 1140 2451 soccorre
1159 2430 1261 2450 veruna
1280 2420 1392 2449 notizia.

1578 903 1618 927 10

1578 1195 1618 1229 15

1577 1605 1621 1630 20

1577 1973 1618 2007 25
