1696 2782
400 221 448 247 DI
479 215 743 248 COLUCCIO
776 218 1047 247 SALUTATI.

1264 221 1322 254 145

133 353 242 378 tamen
262 353 370 378 contra
382 344 625 388 dispositionem
646 356 754 379 meam
770 344 1009 388 vigintiseptem
1024 356 1063 377 ex
1083 343 1223 388 epistolis
1243 344 1323 378 meis
1372 348 1564 381 Glimmhinogni

1351 376 1415 396 modo
1433 375 1504 395 denne
1522 382 1564 402 epi-

132 402 262 447 privatis
282 411 314 436 et
332 403 509 446 nonaginta
525 414 582 436 sex
601 402 752 447 publicas,
763 402 798 430 (¹)
808 414 870 446 que
885 402 1080 446 privatarum
1100 401 1254 436 volumen
1269 403 1323 436 vix
1351 401 1458 426 ⁵¹⁰¹‘⁸'¹‘·

1471 402 1515 422 coel
1537 402 1562 422 rl-

1350 433 1397 449 vnte
1411 435 1470 449 come
1483 409 1563 456 pubssli-

133 459 310 504 adequant3
328 471 389 493 nec
408 469 555 504 expectes
569 470 602 494 tu
622 460 674 494 vel
690 460 779 500 alius,
794 460 872 494 dum
891 461 1014 500 vixero,
1031 460 1069 494 de
1082 461 1162 493 meis
1182 460 1323 504 epistolis
1351 455 1397 480 ‘'²‘’

133 517 272 552 similem
286 517 465 559 largitatem
473 517 518 551 (²).
564 517 790 552 hereditarium
804 518 944 552 filiorum
961 529 1120 558 meorum,
1137 518 1191 562 qui
1204 529 1257 552 me
1269 530 1322 552 co-

131 575 202 610 lunt
221 584 253 609 et
269 584 344 619 post
361 575 434 616 fata,
453 576 535 609 sicut
554 575 697 617 arbitror,
716 576 834 617 colent,
849 587 932 610 onus
951 577 1011 610 erit
1029 576 1095 610 illas
1114 576 1148 610 in
1167 576 1322 610 volumen

133 645 235 668 unum
252 633 396 677 redigere
414 645 493 678 quas
511 633 650 668 viderint
665 634 827 678 graviores
841 634 885 667 (³).
933 634 1027 667 mitto
1049 643 1192 678 preterea
1211 634 1267 668 tibi
1286 634 1321 668 li-
1349 642 1374 661 =d
1387 640 1562 661 huicne-dm

1349 668 1363 688 il
1383 668 1436 688 libro
1459 667 1488 687 Da
1505 667 1561 694 sam

132 690 250 724 bellum
277 702 375 735 quem
403 690 488 724 edidi
516 691 576 724 De
598 690 750 732 fato(⁴);
773 690 860 735 quod
886 700 1030 735 superest
1055 692 1111 725 De
1134 691 1321 732 fortuna,
1349 710 1560 738 ffi.„,‚0;.1„1e.1„

132 760 208 783 eum
231 747 440 795 absolverirm
452 748 582 782 habebis
602 758 638 783 ut
656 750 804 794 corrigas,
831 749 985 793 quoniam
1009 749 1042 783 id
1067 761 1148 794 opus
1168 749 1265 784 velim
1282 750 1322 784 ad
1457 738 1462 743 ’

131 806 312 852 sapientum
330 806 440 840 venire
455 807 608 841 noticiam
620 807 665 840 (⁵).

183 904 205 926 8.
219 903 275 926 Cod.
289 903 368 926 habeb.
383 910 453 934 quon.
466 903 489 926 id
502 910 541 933 op.
556 907 581 927 ut
595 904 679 933 corrig.
695 904 739 927 vel.

168 989 210 1023 (ι)
220 988 273 1016 Del
290 989 383 1016 codice
396 988 525 1016 mandato
539 997 554 1016 a
568 988 705 1016 Giovanni

131 1038 187 1059 non
208 1030 321 1063 rimane,
343 1031 386 1058 ch’
394 1031 422 1058 io
443 1031 544 1067 sappin,
561 1039 646 1058 vernn
671 1031 704 1058 ri-

132 1072 230 1106 cordo;
241 1081 256 1100 e
264 1072 361 1109 poiche
371 1081 475 1108 neppur
487 1081 516 1100 se
527 1082 562 1101 ne
575 1073 704 1100 riscontra

131 1124 169 1142 un
188 1114 319 1151 apografo
337 1121 377 1142 tra
396 1115 404 1141 i
431 1123 485 1142 non
504 1115 584 1151 pochi
610 1123 705 1142 mano-

132 1157 216 1184 scritti
241 1157 292 1184 che
318 1162 490 1192 contengono
517 1155 631 1192 epistole
661 1156 704 1184 del

131 1205 235 1231 nostro,
254 1199 332 1234 potra
350 1206 427 1234 parer
450 1206 506 1225 non
525 1198 666 1226 infondato
685 1197 705 1225 il

131 1246 253 1277 sospetto
275 1240 385 1268 ch’esso
411 1241 452 1267 sia
479 1241 565 1276 perito
583 1239 629 1268 nel
646 1248 705 1268 sac-

131 1282 248 1318 cheggio
266 1281 338 1309 della
356 1290 418 1309 casa
436 1281 480 1309 del
497 1281 526 1309 di
550 1281 706 1314 Monneuil,

133 1324 289 1358 confiscata,
304 1324 378 1360 dopo
397 1324 441 1351 eh'
448 1323 501 1360 egli
514 1323 541 1351 fu
560 1324 705 1357 trucidato,

131 1366 205 1403 dagli
213 1366 311 1403 Inglesi
320 1366 366 1394 nel
375 1366 478 1402 giugno
490 1366 564 1400 1418.
602 1366 641 1394 La
648 1375 707 1402 per-

133 1409 187 1437 dita
199 1409 226 1436 di
237 1415 329 1445 questa
339 1408 438 1444 sinoge
448 1409 463 1436 ὲ
473 1415 550 1436 tanto
559 1409 606 1444 piu
619 1409 707 1444 degna

133 1450 160 1478 di
169 1450 321 1486 rimpianto,
334 1458 386 1477 ove
398 1450 421 1477 si
433 1449 530 1477 rifletta
546 1449 597 1478 che
610 1450 707 1486 proba-

131 1492 261 1521 bilrnente
275 1499 316 1520 tra
331 1492 357 1520 le
372 1492 485 1529 epistole
498 1492 549 1520 che
561 1492 587 1520 la
599 1501 707 1528 compo-

131 1543 238 1563 nevano
255 1534 352 1562 alcuna
376 1543 408 1563 ve
432 1535 512 1562 n'era
530 1534 574 1570 (se
597 1534 707 1562 almeno

131 1578 333 1614 interpr-etiamn
360 1587 376 1605 a
406 1578 505 1605 dovere
524 1584 596 1605 certe
614 1578 708 1614 parole

132 1620 177 1648 del
195 1620 222 1647 di
240 1619 403 1653 Montreuil3
418 1619 514 1647 vedine
533 1619 551 1647 l’
558 1628 600 1656 ep.
618 1627 707 1654 txvu,

133 1671 157 1690 c.
178 1663 267 1698 1435),
279 1662 305 1689 di
321 1662 364 1689 cui
379 1662 464 1689 niuno
480 1661 524 1689 dei
539 1661 707 1689 manuscritti

132 1705 198 1742 oggi
220 1705 279 1732 noti
296 1705 322 1732 ci
339 1705 375 1732 ha
393 1705 500 1732 serbato
519 1705 607 1740 copia.

167 1747 211 1783 (2)
229 1745 293 1774 Non
306 1747 367 1774 sara
379 1745 426 1782 poi
437 1745 507 1773 fuori
522 1746 547 1773 di
567 1746 708 1782 proposito

133 1789 266 1816 ”venire
284 1787 344 1820 che,
362 1787 463 1815 sebbon
481 1787 528 1824 qui
546 1787 565 1814 il
589 1787 616 1814 S.
645 1787 706 1814 dica

132 1831 230 1858 d’nver
247 1830 376 1858 mandato
395 1829 537 1857 all’amico
564 1836 708 1857 centoven-

132 1873 193 1902 titre
211 1872 334 1909 epistole,
352 1881 408 1900 non
427 1880 481 1900 una
505 1873 562 1908 ρίὺ,
580 1880 636 1900 non
654 1881 706 1900 una

133 1923 225 1948 meno,
244 1914 381 1942 Giovanni
398 1914 519 1942 dichiara
537 1914 566 1941 in
587 1923 640 1942 una
658 1923 707 1942 sua

133 1956 227 1984 lettera
245 1956 279 1983 ad
296 1956 418 1983 Antonio
434 1955 546 1989 Loschi,
565 1956 636 1983 edita
663 1955 708 1983 dal

133 1998 258 2026 Tamus
276 1998 332 2034 (op.
351 1998 395 2025 cit.
422 2006 449 2033 p.
471 1998 542 2032 ιω),
561 1997 588 2025 di
614 2006 707 2034 posse-

132 2041 216 2069 derne
234 2049 271 2068 un
283 2049 398 2068 numero
411 2040 540 2077 alquanto
555 2041 706 2077 maggiore:

135 2094 150 2108 α
165 2083 225 2119 Ego
243 2091 305 2110 sum
323 2082 462 2110 Iohannes
481 2082 536 2115 ille,
551 2083 598 2119 qui
611 2083 644 2110 ab
660 2082 708 2110 illo

135 2136 149 2152 α
165 2124 277 2153 Latialis
295 2124 450 2161 eloquentie
460 2125 537 2161 plene
547 2124 664 2160 principe
673 2145 692 2152 ..
700 2146 707 2152 .

135 2178 150 2194 α
163 2167 311 2201 Coluchio,
347 2167 510 2195 cancellario
539 2167 706 2202 florentino,

136 2209 249 2238 «ferme
266 2210 437 2238 ducentas
455 2210 631 2246 epistolas
650 2217 707 2238 tam

135 2263 150 2279 ι
164 2252 308 2281 familiares
326 2261 407 2289 quam
436 2253 529 2281 civiles
557 2254 708 2290 impetravi,

137 2305 151 2322 α
163 2296 320 2324 emendatas
339 2296 448 2333 quidem
476 2303 503 2324 et
527 2302 663 2324 correctas
682 2302 709 2324 et

136 2349 150 2364 α
164 2347 210 2366 eas
228 2339 276 2366 sub
302 2339 380 2366 unius
406 2339 555 2367 voluminis
579 2338 653 2367 fasce
671 2339 708 2366 bi-

135 2391 150 2407 «
163 2381 299 2409 bliotheca
309 2390 370 2409 mea
383 2388 472 2410 servat
485 2392 509 2410 a.
541 2381 620 2410 Dalle
635 2382 708 2419 quali

241 2442 527 2471 6⁰12&on

750 989 843 1025 parole
858 989 881 1016 si
899 990 954 1025 pub
973 989 1086 1016 dedurre
1101 989 1152 1017 che
1165 989 1184 1016 il
1203 990 1232 1017 S.
1251 998 1325 1017 rece-

751 1032 829 1060 desse
835 1031 906 1059 forse
915 1032 944 1059 in
952 1033 1058 1067 seguito
1067 1031 1111 1059 dal
1120 1032 1260 1068 proposito
1268 1034 1324 1059 cosl

750 1074 929 1101 recisamente
937 1073 1079 1101 affermato
1086 1075 1112 1101 di
1122 1083 1177 1101 non
1188 1074 1326 1101 mostrarsi

750 1115 796 1152 piu
805 1115 883 1151 largo
894 1116 920 1142 di
930 1121 1029 1151 quanto
1038 1116 1081 1151 gia
1091 1115 1162 1143 fosse
1170 1121 1240 1143 stato
1248 1124 1326 1142 verso

750 1158 860 1186 l’nmico
879 1167 895 1185 e
915 1158 966 1186 che
981 1166 1071 1185 nuove
1093 1158 1186 1186 lettere
1208 1159 1327 1186 venisset

750 1201 843 1237 quindi
863 1201 897 1228 ad
915 1201 1088 1236 aggiungersi
1106 1200 1159 1228 alle
1179 1201 1274 1237 prime.

787 1242 829 1278 (3)
851 1243 891 1270 La
910 1249 994 1270 stessa
1021 1251 1151 1279 speranza
1182 1252 1227 1270 ern
1257 1249 1326 1270 stata

751 1293 872 1321 espressa
890 1285 936 1312 dal
954 1285 983 1312 S.
998 1285 1062 1312 nell’
1071 1294 1114 1322 ep.
1129 1293 1182 1313 vm
1195 1285 1221 1312 di
1231 1290 1327 1321 questo

752 1327 831 1360 libro,
849 1336 875 1363 p.
893 1327 927 1363 89
946 1336 987 1363 sg.

788 1370 830 1404 (4)
850 1369 879 1396 Si
898 1369 988 1396 ricava
1007 1369 1033 1396 di
1052 1369 1098 1405 qui
1123 1369 1174 1396 che
1193 1368 1239 1396 nel
1261 1368 1328 1405 ¹39⁶

753 1411 772 1439 il
791 1411 820 1439 S.
837 1420 893 1438 non
911 1420 995 1439 aveva
1015 1418 1162 1447 composto
1180 1419 1209 1439 se
1227 1419 1282 1438 non
1301 1411 1328 1438 la

753 1453 841 1490 prima
866 1460 940 1489 parte
968 1453 996 1481 di
1023 1454 1086 1490 quel
1113 1462 1164 1480 suo
1192 1453 1328 1481 filosofico

753 1501 871 1529 nattam,
889 1495 978 1523 diviso
1002 1496 1031 1523 in
1054 1502 1160 1532 quattro
1191 1495 1261 1528 libri,
1287 1496 1328 1523 in-

752 1544 831 1566 torno
849 1537 876 1565 al
896 1537 953 1565 fato
973 1538 1006 1565 ed
1022 1537 1075 1565 alla
1100 1537 1218 1570 fortuna,
1237 1537 1264 1564 di
1285 1538 1329 1565 cui

752 1587 910 1608 toccammo
926 1588 958 1607 or
972 1588 1019 1607 ora
1034 1588 1050 1607 e
1065 1580 1116 1607 che
1129 1579 1148 1607 il
1161 1579 1265 1612 voro-r,
1278 1579 1328 1607 Dia

760 1622 952 1655 Wiederbakbj,
971 1621 992 1655 1,
1013 1629 1072 1656 204,
1087 1630 1134 1658 per
1153 1630 1190 1649 un
1209 1621 1328 1649 bizzarro

753 1672 851 1697 errore,
879 1664 947 1690 teste
977 1662 1210 1699 rimproveratogli
1241 1663 1329 1690 anche

753 1706 796 1734 dal
810 1715 835 1742 p.
848 1706 880 1733 A.
897 1705 1018 1738 Restat,
1035 1705 1113 1732 Cani.
1129 1705 1182 1732 Iob.
1198 1704 1330 1732 Dominici

755 1748 788 1776 Ο.
803 1747 856 1782 Ρη,
871 1747 1000 1782 Freiburg
1015 1746 1053 1773 im
1069 1746 1100 1774 B.
1119 1747 1195 1782 1893,
1210 1754 1269 1782 cap.
1287 1754 1329 1780 111,

753 1799 779 1827 p.
791 1790 826 1817 88
837 1798 887 1826 sg„
896 1789 932 1816 ha
945 1789 1093 1816 battezzato
1106 1788 1186 1825 quale
1196 1797 1232 1816 un
1243 1799 1258 1814 α
1269 1789 1328 1825 phi-

754 1843 769 1859 ιι
782 1832 970 1868 losophisches
990 1831 1171 1868 Lehrgedicht
1193 1831 1220 1858 in
1240 1831 1327 1859 Hexa-

753 1885 768 1901 «
782 1882 885 1902 metem
898 1875 927 1901 »Ι

789 1918 832 1954 (5)
850 1917 922 1944 Nell'
934 1916 1050 1953 epistola
1077 1916 1159 1944 citata
1177 1916 1204 1944 al
1228 1916 1328 1944 Loschi

753 1959 773 1988 il
791 1960 817 1987 di
836 1958 982 1987 Montreuil
996 1959 1019 1986 si
1033 1965 1115 1986 vanta
1130 1959 1157 1986 di
1175 1959 1329 1995 possedere,

754 2001 876 2029 oltreche
891 2001 917 2028 le
936 2000 1048 2037 epistole
1064 2001 1107 2028 del
1121 2001 1159 2034 S.,
1175 2010 1189 2026 ι
1203 2008 1267 2028 suos
1280 2000 1329 2028 De

754 2053 770 2069 α
782 2043 858 2070 fato
877 2049 911 2070 et
929 2042 1150 2070 verecundia
1164 2047 1330 2069 tractatus».

753 2084 800 2112 Ma
818 2084 837 2112 il
855 2084 938 2112 veder
956 2084 1002 2120 qui
1022 2084 1104 2111 citato
1123 2083 1141 2110 il
1159 2083 1248 2120 primo
1260 2083 1329 2110 libro

755 2127 798 2155 ool
820 2126 899 2154 titolo
918 2127 1068 2153 dimezzato
1091 2125 1247 2162 (dicendos-i
1265 2133 1328 2153 esso

754 2169 797 2196 ne'
810 2177 876 2196 mss.
895 2172 1111 2195 costantemente
1127 2167 1166 2194 Dc
1179 2167 1236 2203 sato
1246 2167 1330 2203 alfor-

755 2212 829 2247 tuna)
858 2211 986 2248 potrebbe
1013 2211 1142 2238 suscitare
1161 2209 1180 2237 il
1208 2215 1328 2246 sospena

755 2254 805 2281 che
823 2253 850 2280 la
869 2260 1009 2288 promessa
1028 2251 1072 2278 del
1097 2251 1125 2278 S.
1145 2252 1170 2278 di
1190 2251 1295 2288 spedire
1315 2259 1330 2278 a

756 2295 892 2324 Giovanni
909 2295 928 2322 il
943 2300 1016 2322 resto
1035 2293 1098 2321 dell’
1108 2302 1200 2330 opera,
1219 2293 1329 2330 quando

755 2338 875 2365 l’avesse
893 2337 1039 2372 compium,
1054 2335 1124 2363 fosse
1142 2336 1255 2363 ritnasto
1269 2344 1330 2363 sen-

757 2380 887 2408 z'efl'etto.

1204 2439 1236 2460 10

1350 739 1391 763 bia,
1405 738 1487 765 :perlui
1501 737 1517 758 il
1531 737 1561 757 De

1344 764 1435 792 forma.
