<?xml version="1.0" encoding="UTF-8"?>
<!DOCTYPE html PUBLIC "-//W3C//DTD XHTML 1.0 Transitional//EN"
    "http://www.w3.org/TR/xhtml1/DTD/xhtml1-transitional.dtd">
<html xmlns="http://www.w3.org/1999/xhtml" xml:lang="en" lang="en">
 <head>
  <title>
</title>
<meta http-equiv="Content-Type" content="text/html;charset=utf-8" />
  <meta name='ocr-system' content='tesseract 3.04.00' />
  <meta name='ocr-capabilities' content='ocr_page ocr_carea ocr_par ocr_line ocrx_word'/>
</head>
<body>
  <div class='ocr_page' id='page_1' title='image "./epistolariodicol17saluuoft_0038.png"; bbox 0 0 1708 2774; ppageno 0'>
   <div class='ocr_carea' id='block_1_1' title="bbox 140 442 350 551">
    <p class='ocr_par' dir='ltr' id='par_1_1' title="bbox 140 442 350 551">
     <span class='ocr_line' id='line_1_1' title="bbox 166 442 350 466; baseline -0.011 -2"><span class='ocrx_word' id='word_1_1' title='bbox 166 443 214 464; x_wconf 80' lang='lat' dir='ltr'>Non</span> <span class='ocrx_word' id='word_1_2' title='bbox 242 442 316 466; x_wconf 69' lang='lat' dir='ltr'>devexi,</span> <span class='ocrx_word' id='word_1_3' title='bbox 340 442 350 462; x_wconf 74' lang='grc' dir='ltr'>ὲ</span> 
     </span>
     <span class='ocr_line' id='line_1_2' title="bbox 141 470 350 496; baseline -0.01 -5"><span class='ocrx_word' id='word_1_4' title='bbox 141 477 197 494; x_wconf 81' lang='lat' dir='ltr'>vero,</span> <span class='ocrx_word' id='word_1_5' title='bbox 211 470 287 496; x_wconf 84' lang='lat' dir='ltr'>riporre</span> <span class='ocrx_word' id='word_1_6' title='bbox 296 474 350 496; x_wconf 84' lang='lat' dir='ltr'>trop-</span> 
     </span>
     <span class='ocr_line' id='line_1_3' title="bbox 140 496 349 524; baseline -0.01 -7"><span class='ocrx_word' id='word_1_7' title='bbox 140 504 165 524; x_wconf 77' lang='lat' dir='ltr'>pa</span> <span class='ocrx_word' id='word_1_8' title='bbox 174 497 245 517; x_wconf 67' lang='lat' dir='ltr'>fiducia</span> <span class='ocrx_word' id='word_1_9' title='bbox 257 496 309 516; x_wconf 85' lang='lat' dir='ltr'>nelle</span> <span class='ocrx_word' id='word_1_10' title='bbox 317 502 349 522; x_wconf 75' lang='lat' dir='ltr'>np-</span> 
     </span>
     <span class='ocr_line' id='line_1_4' title="bbox 140 530 243 551; baseline 0 -8"><span class='ocrx_word' id='word_1_11' title='bbox 140 530 187 551; x_wconf 74' lang='lat' dir='ltr'>pnre</span> <span class='ocrx_word' id='word_1_12' title='bbox 194 530 229 543; x_wconf 80' lang='lat' dir='ltr'>nze</span> <span class='ocrx_word' id='word_1_13' title='bbox 237 530 243 547; x_wconf 72' lang='lat'>3</span> 
     </span>
    </p>
   </div>
   <div class='ocr_carea' id='block_1_2' title="bbox 141 621 348 780">
    <p class='ocr_par' dir='ltr' id='par_1_2' title="bbox 141 621 348 780">
     <span class='ocr_line' id='line_1_5' title="bbox 141 621 347 647; baseline -0.005 -7"><span class='ocrx_word' id='word_1_14' title='bbox 141 627 188 647; x_wconf 76' lang='lat' dir='ltr'>pure</span> <span class='ocrx_word' id='word_1_15' title='bbox 195 621 227 640; x_wconf 85' lang='lat' dir='ltr'>chi</span> <span class='ocrx_word' id='word_1_16' title='bbox 235 621 246 640; x_wconf 74' lang='grc' dir='ltr'>ὲ</span> <span class='ocrx_word' id='word_1_17' title='bbox 254 621 347 640; x_wconf 73' lang='lat' dir='ltr'>virtuoso</span> 
     </span>
     <span class='ocr_line' id='line_1_6' title="bbox 141 647 348 667; baseline -0.005 0"><span class='ocrx_word' id='word_1_18' title='bbox 141 654 182 667; x_wconf 82' lang='lat' dir='ltr'>uon</span> <span class='ocrx_word' id='word_1_19' title='bbox 190 654 247 667; x_wconf 74' lang='lat' dir='ltr'>cerea</span> <span class='ocrx_word' id='word_1_20' title='bbox 258 647 348 666; x_wconf 70' lang='lat' dir='ltr'>dissimu-</span> 
     </span>
     <span class='ocr_line' id='line_1_7' title="bbox 142 674 346 700; baseline -0.005 -7"><span class='ocrx_word' id='word_1_21' title='bbox 142 674 182 693; x_wconf 72' lang='lat' dir='ltr'>lare</span> <span class='ocrx_word' id='word_1_22' title='bbox 197 675 201 693; x_wconf 84' lang='lat' dir='ltr'>i</span> <span class='ocrx_word' id='word_1_23' title='bbox 217 674 262 693; x_wconf 86' lang='lat' dir='ltr'>suoi</span> <span class='ocrx_word' id='word_1_24' title='bbox 277 674 346 700; x_wconf 83' lang='lat' dir='ltr'>pregi;</span> 
     </span>
     <span class='ocr_line' id='line_1_8' title="bbox 141 700 347 720; baseline -0.005 0"><span class='ocrx_word' id='word_1_25' title='bbox 141 705 218 720; x_wconf 73' lang='lat' dir='ltr'>mentre</span> <span class='ocrx_word' id='word_1_26' title='bbox 237 700 250 719; x_wconf 84' lang='lat' dir='ltr'>il</span> <span class='ocrx_word' id='word_1_27' title='bbox 270 700 347 719; x_wconf 77' lang='lat' dir='ltr'>vizioso</span> 
     </span>
     <span class='ocr_line' id='line_1_9' title="bbox 141 726 347 746; baseline -0.005 0"><span class='ocrx_word' id='word_1_28' title='bbox 141 732 196 746; x_wconf 76' lang='lat' dir='ltr'>tenu</span> <span class='ocrx_word' id='word_1_29' title='bbox 214 726 315 746; x_wconf 74' lang='lat' dir='ltr'>occului-e</span> <span class='ocrx_word' id='word_1_30' title='bbox 332 726 347 745; x_wconf 83' lang='lat' dir='ltr'>il</span> 
     </span>
     <span class='ocr_line' id='line_1_10' title="bbox 141 753 315 780; baseline -0.006 -7"><span class='ocrx_word' id='word_1_31' title='bbox 141 754 223 780; x_wconf 80' lang='lat' dir='ltr'>proprio</span> <span class='ocrx_word' id='word_1_32' title='bbox 237 753 315 773; x_wconf 72' lang='lat' dir='ltr'>diseno.</span> 
     </span>
    </p>
   </div>
   <div class='ocr_carea' id='block_1_3' title="bbox 135 1192 344 1403">
    <p class='ocr_par' dir='ltr' id='par_1_3' title="bbox 135 1192 344 1403">
     <span class='ocr_line' id='line_1_11' title="bbox 162 1192 344 1220; baseline 0.011 -8"><span class='ocrx_word' id='word_1_33' title='bbox 162 1192 216 1212; x_wconf 82' lang='lat' dir='ltr'>Vunl</span> <span class='ocrx_word' id='word_1_34' title='bbox 230 1193 310 1220; x_wconf 73' lang='lat' dir='ltr'>dunque</span> <span class='ocrx_word' id='word_1_35' title='bbox 323 1193 344 1214; x_wconf 86' lang='lat' dir='ltr'>lo</span> 
     </span>
     <span class='ocr_line' id='line_1_12' title="bbox 137 1219 344 1247; baseline 0.005 -8"><span class='ocrx_word' id='word_1_36' title='bbox 137 1219 260 1239; x_wconf 75' lang='lat' dir='ltr'>anbeccnri</span> <span class='ocrx_word' id='word_1_37' title='bbox 269 1220 306 1240; x_wconf 84' lang='lat' dir='ltr'>che</span> <span class='ocrx_word' id='word_1_38' title='bbox 315 1220 344 1247; x_wconf 79' lang='lat' dir='ltr'>gli</span> 
     </span>
     <span class='ocr_line' id='line_1_13' title="bbox 136 1246 344 1267; baseline 0.005 -1"><span class='ocrx_word' id='word_1_39' title='bbox 136 1247 165 1266; x_wconf 75' lang='lat' dir='ltr'>sin</span> <span class='ocrx_word' id='word_1_40' title='bbox 179 1246 240 1266; x_wconf 80' lang='lat' dir='ltr'>lecito</span> <span class='ocrx_word' id='word_1_41' title='bbox 261 1246 344 1267; x_wconf 63' lang='lat' dir='ltr'>rumare</span> 
     </span>
     <span class='ocr_line' id='line_1_14' title="bbox 136 1273 344 1293; baseline 0.005 -1"><span class='ocrx_word' id='word_1_42' title='bbox 136 1279 147 1292; x_wconf 75' lang='lat' dir='ltr'>n</span> <span class='ocrx_word' id='word_1_43' title='bbox 170 1273 280 1293; x_wconf 77' lang='lat' dir='ltr'>ricreazion</span> <span class='ocrx_word' id='word_1_44' title='bbox 303 1273 344 1293; x_wconf 78' lang='lat' dir='ltr'>del-</span> 
     </span>
     <span class='ocr_line' id='line_1_15' title="bbox 135 1299 343 1324; baseline 0.005 -6"><span class='ocrx_word' id='word_1_45' title='bbox 135 1299 150 1318; x_wconf 90' lang='lat'>1¹</span> <span class='ocrx_word' id='word_1_46' title='bbox 161 1300 241 1324; x_wconf 73' lang='lat' dir='ltr'>animo,</span> <span class='ocrx_word' id='word_1_47' title='bbox 270 1300 343 1320; x_wconf 70' lang='lat' dir='ltr'>dacche</span> 
     </span>
     <span class='ocr_line' id='line_1_16' title="bbox 135 1325 343 1346; baseline 0.005 -1"><span class='ocrx_word' id='word_1_48' title='bbox 135 1325 242 1346; x_wconf 76' lang='lat' dir='ltr'>nell&#39;nmor</span> <span class='ocrx_word' id='word_1_49' title='bbox 251 1333 289 1346; x_wconf 80' lang='lat' dir='ltr'>suo</span> <span class='ocrx_word' id='word_1_50' title='bbox 300 1326 343 1346; x_wconf 81' lang='lat' dir='ltr'>nul-</span> 
     </span>
     <span class='ocr_line' id='line_1_17' title="bbox 136 1352 343 1373; baseline 0.005 -1"><span class='ocrx_word' id='word_1_51' title='bbox 136 1352 155 1372; x_wconf 68' lang='lat' dir='ltr'>la</span> <span class='ocrx_word' id='word_1_52' title='bbox 178 1352 198 1372; x_wconf 86' lang='lat' dir='ltr'>v&#39;</span> <span class='ocrx_word' id='word_1_53' title='bbox 207 1353 232 1372; x_wconf 75' lang='lat' dir='ltr'>bn</span> <span class='ocrx_word' id='word_1_54' title='bbox 258 1353 277 1373; x_wconf 87' lang='lat' dir='ltr'>di</span> <span class='ocrx_word' id='word_1_55' title='bbox 301 1360 343 1373; x_wconf 78' lang='lat' dir='ltr'>car-</span> 
     </span>
     <span class='ocr_line' id='line_1_18' title="bbox 136 1379 188 1403; baseline 0 -5"><span class='ocrx_word' id='word_1_56' title='bbox 136 1379 188 1403; x_wconf 72' lang='lat' dir='ltr'>nale,</span> 
     </span>
    </p>
   </div>
   <div class='ocr_carea' id='block_1_4' title="bbox 132 1543 341 1724">
    <p class='ocr_par' dir='ltr' id='par_1_4' title="bbox 132 1543 341 1724">
     <span class='ocr_line' id='line_1_19' title="bbox 134 1543 341 1564; baseline 0.005 -1"><span class='ocrx_word' id='word_1_57' title='bbox 134 1550 145 1563; x_wconf 81' lang='lat' dir='ltr'>e</span> <span class='ocrx_word' id='word_1_58' title='bbox 154 1544 221 1563; x_wconf 73' lang='lat' dir='ltr'>deride</span> <span class='ocrx_word' id='word_1_59' title='bbox 231 1543 258 1564; x_wconf 89' lang='lat' dir='ltr'>lui</span> <span class='ocrx_word' id='word_1_60' title='bbox 269 1544 304 1564; x_wconf 78' lang='lat' dir='ltr'>che</span> <span class='ocrx_word' id='word_1_61' title='bbox 314 1545 341 1564; x_wconf 82' lang='lat' dir='ltr'>ri-</span> 
     </span>
     <span class='ocr_line' id='line_1_20' title="bbox 134 1570 340 1591; baseline 0.005 -1"><span class='ocrx_word' id='word_1_62' title='bbox 134 1576 192 1590; x_wconf 83' lang='lat' dir='ltr'>corre</span> <span class='ocrx_word' id='word_1_63' title='bbox 214 1570 253 1590; x_wconf 72' lang='lat' dir='ltr'>alle</span> <span class='ocrx_word' id='word_1_64' title='bbox 273 1571 340 1591; x_wconf 76' lang='lat' dir='ltr'>divine</span> 
     </span>
     <span class='ocr_line' id='line_1_21' title="bbox 134 1597 340 1624; baseline 0.01 -8"><span class='ocrx_word' id='word_1_65' title='bbox 134 1597 227 1617; x_wconf 73' lang='lat' dir='ltr'>scrinure</span> <span class='ocrx_word' id='word_1_66' title='bbox 242 1604 275 1624; x_wconf 80' lang='lat' dir='ltr'>per</span> <span class='ocrx_word' id='word_1_67' title='bbox 286 1605 340 1618; x_wconf 86' lang='lat' dir='ltr'>com-</span> 
     </span>
     <span class='ocr_line' id='line_1_22' title="bbox 135 1623 340 1648; baseline 0.005 -5"><span class='ocrx_word' id='word_1_68' title='bbox 135 1623 230 1648; x_wconf 72' lang='lat' dir='ltr'>batterlo,</span> <span class='ocrx_word' id='word_1_69' title='bbox 236 1624 340 1644; x_wconf 78' lang='lat' dir='ltr'>nffermm-</span> 
     </span>
     <span class='ocr_line' id='line_1_23' title="bbox 133 1650 340 1678; baseline 0.014 -9"><span class='ocrx_word' id='word_1_70' title='bbox 133 1650 159 1670; x_wconf 83' lang='lat' dir='ltr'>do</span> <span class='ocrx_word' id='word_1_71' title='bbox 182 1651 219 1670; x_wconf 83' lang='lat' dir='ltr'>che</span> <span class='ocrx_word' id='word_1_72' title='bbox 241 1651 295 1678; x_wconf 68' lang='lat' dir='ltr'>pnrln</span> <span class='ocrx_word' id='word_1_73' title='bbox 315 1652 340 1672; x_wconf 74' lang='lat' dir='ltr'>da</span> 
     </span>
     <span class='ocr_line' id='line_1_24' title="bbox 132 1676 340 1701; baseline 0.01 -5"><span class='ocrx_word' id='word_1_74' title='bbox 132 1676 224 1701; x_wconf 73' lang='lat' dir='ltr'>filosofo.</span> <span class='ocrx_word' id='word_1_75' title='bbox 250 1685 292 1698; x_wconf 86' lang='lat' dir='ltr'>non</span> <span class='ocrx_word' id='word_1_76' title='bbox 315 1679 340 1698; x_wconf 73' lang='lat' dir='ltr'>dn</span> 
     </span>
     <span class='ocr_line' id='line_1_25' title="bbox 132 1709 203 1724; baseline 0.014 -1"><span class='ocrx_word' id='word_1_77' title='bbox 132 1709 203 1724; x_wconf 83' lang='lat' dir='ltr'>uomo.</span> 
     </span>
    </p>
   </div>
   <div class='ocr_carea' id='block_1_5' title="bbox 132 2050 338 2104">
    <p class='ocr_par' dir='ltr' id='par_1_5' title="bbox 132 2050 338 2104">
     <span class='ocr_line' id='line_1_26' title="bbox 157 2050 338 2079; baseline 0.017 -9"><span class='ocrx_word' id='word_1_78' title='bbox 157 2050 238 2071; x_wconf 65' lang='lat' dir='ltr'>Pulcra</span> <span class='ocrx_word' id='word_1_79' title='bbox 259 2052 338 2079; x_wconf 83' lang='lat' dir='ltr'>dunque</span> 
     </span>
     <span class='ocr_line' id='line_1_27' title="bbox 132 2083 273 2104; baseline 0.014 -7"><span class='ocrx_word' id='word_1_80' title='bbox 132 2083 190 2098; x_wconf 76' lang='lat' dir='ltr'>come</span> <span class='ocrx_word' id='word_1_81' title='bbox 202 2085 273 2104; x_wconf 79' lang='lat' dir='ltr'>nomo,</span> 
     </span>
    </p>
   </div>
   <div class='ocr_carea' id='block_1_6' title="bbox 129 2122 338 2256">
    <p class='ocr_par' dir='ltr' id='par_1_6' title="bbox 129 2122 338 2256">
     <span class='ocr_line' id='line_1_28' title="bbox 130 2122 338 2171; baseline 0.014 -3"><span class='ocrx_word' id='word_1_82' title='bbox 130 2122 212 2169; x_wconf 45' lang='lat' dir='ltr'>exstiti</span> <span class='ocrx_word' id='word_1_83' title='bbox 220 2123 338 2171; x_wconf 48' lang='lat' dir='ltr'>&amp;aaa</span> 
     </span>
     <span class='ocr_line' id='line_1_29' title="bbox 131 2175 338 2204; baseline 0.019 -10"><span class='ocrx_word' id='word_1_84' title='bbox 131 2175 170 2195; x_wconf 76' lang='lat' dir='ltr'>eile</span> <span class='ocrx_word' id='word_1_85' title='bbox 183 2176 202 2195; x_wconf 80' lang='lat' dir='ltr'>ni</span> <span class='ocrx_word' id='word_1_86' title='bbox 215 2177 299 2204; x_wconf 74' lang='lat' dir='ltr'>consigli</span> <span class='ocrx_word' id='word_1_87' title='bbox 314 2178 338 2198; x_wconf 81' lang='lat' dir='ltr'>ed</span> 
     </span>
     <span class='ocr_line' id='line_1_30' title="bbox 130 2202 337 2224; baseline 0.014 -3"><span class='ocrx_word' id='word_1_88' title='bbox 130 2202 258 2223; x_wconf 79' lang='lat' dir='ltr'>inchinevole</span> <span class='ocrx_word' id='word_1_89' title='bbox 298 2204 337 2224; x_wconf 68' lang='lat' dir='ltr'>nun</span> 
     </span>
     <span class='ocr_line' id='line_1_31' title="bbox 129 2234 234 2256; baseline 0.01 -8"><span class='ocrx_word' id='word_1_90' title='bbox 129 2234 234 2256; x_wconf 65' lang='lat' dir='ltr'>aggeus,</span> 
     </span>
    </p>
   </div>
   <div class='ocr_carea' id='block_1_7' title="bbox 379 303 1145 347">
    <p class='ocr_par' dir='ltr' id='par_1_7' title="bbox 379 303 1145 347">
     <span class='ocr_line' id='line_1_32' title="bbox 379 303 1145 347; baseline -0.004 -14"><span class='ocrx_word' id='word_1_91' title='bbox 379 314 423 347; x_wconf 86' lang='lat'>24</span> <span class='ocrx_word' id='word_1_92' title='bbox 803 303 1145 338; x_wconf 76' lang='lat' dir='ltr'>EPISTOLARIO</span> 
     </span>
    </p>
   </div>
   <div class='ocr_carea' id='block_1_8' title="bbox 364 427 1569 2401">
    <p class='ocr_par' dir='ltr' id='par_1_8' title="bbox 371 427 1569 1174">
     <span class='ocr_line' id='line_1_33' title="bbox 378 427 1566 479; baseline -0.005 -11"><span class='ocrx_word' id='word_1_93' title='bbox 378 434 567 479; x_wconf 85' lang='lat' dir='ltr'>probabilior</span> <span class='ocrx_word' id='word_1_94' title='bbox 585 433 681 476; x_wconf 91' lang='lat' dir='ltr'>longe</span> <span class='ocrx_word' id='word_1_95' title='bbox 696 442 791 476; x_wconf 89' lang='lat' dir='ltr'>quam</span> <span class='ocrx_word' id='word_1_96' title='bbox 815 439 878 463; x_wconf 86' lang='lat' dir='ltr'>tua.</span> <span class='ocrx_word' id='word_1_97' title='bbox 926 429 998 462; x_wconf 87' lang='lat' dir='ltr'>licet</span> <span class='ocrx_word' id='word_1_98' title='bbox 1017 428 1104 462; x_wconf 90' lang='lat' dir='ltr'>enim</span> <span class='ocrx_word' id='word_1_99' title='bbox 1125 427 1367 472; x_wconf 84' lang='lat' dir='ltr'>hypocritarum</span> <span class='ocrx_word' id='word_1_100' title='bbox 1382 428 1504 462; x_wconf 89' lang='lat' dir='ltr'>multus</span> <span class='ocrx_word' id='word_1_101' title='bbox 1519 429 1566 462; x_wconf 93' lang='lat' dir='ltr'>in-</span> 
     </span>
     <span class='ocr_line' id='line_1_34' title="bbox 377 487 1568 535; baseline -0.005 -9"><span class='ocrx_word' id='word_1_102' title='bbox 377 493 545 535; x_wconf 91' lang='lat' dir='ltr'>finitusque</span> <span class='ocrx_word' id='word_1_103' title='bbox 564 491 602 524; x_wconf 88' lang='lat' dir='ltr'>sit</span> <span class='ocrx_word' id='word_1_104' title='bbox 627 500 787 528; x_wconf 91' lang='lat' dir='ltr'>numerus,</span> <span class='ocrx_word' id='word_1_105' title='bbox 816 487 1016 521; x_wconf 85' lang='lat' dir='ltr'>verisimilius</span> <span class='ocrx_word' id='word_1_106' title='bbox 1051 495 1159 520; x_wconf 89' lang='lat' dir='ltr'>tamen</span> <span class='ocrx_word' id='word_1_107' title='bbox 1197 496 1245 520; x_wconf 91' lang='lat' dir='ltr'>est</span> <span class='ocrx_word' id='word_1_108' title='bbox 1279 497 1361 530; x_wconf 91' lang='lat' dir='ltr'>quos</span> <span class='ocrx_word' id='word_1_109' title='bbox 1398 496 1487 521; x_wconf 83' lang='lat' dir='ltr'>extra</span> <span class='ocrx_word' id='word_1_110' title='bbox 1521 487 1568 520; x_wconf 89' lang='lat' dir='ltr'>vi-</span> 
     </span>
     <span class='ocr_line' id='line_1_35' title="bbox 377 544 1568 590; baseline -0.004 -6"><span class='ocrx_word' id='word_1_111' title='bbox 377 551 457 584; x_wconf 88' lang='lat' dir='ltr'>deris</span> <span class='ocrx_word' id='word_1_112' title='bbox 478 549 662 583; x_wconf 88' lang='lat' dir='ltr'>inhonestos</span> <span class='ocrx_word' id='word_1_113' title='bbox 678 547 755 580; x_wconf 87' lang='lat' dir='ltr'>tales</span> <span class='ocrx_word' id='word_1_114' title='bbox 772 555 804 580; x_wconf 94' lang='lat' dir='ltr'>et</span> <span class='ocrx_word' id='word_1_115' title='bbox 818 546 1007 579; x_wconf 87' lang='lat' dir='ltr'>intrinsecus</span> <span class='ocrx_word' id='word_1_116' title='bbox 1024 556 1106 586; x_wconf 90' lang='lat' dir='ltr'>esse,</span> <span class='ocrx_word' id='word_1_117' title='bbox 1121 557 1219 590; x_wconf 89' lang='lat' dir='ltr'>quam</span> <span class='ocrx_word' id='word_1_118' title='bbox 1234 557 1317 590; x_wconf 91' lang='lat' dir='ltr'>quos</span> <span class='ocrx_word' id='word_1_119' title='bbox 1333 544 1439 579; x_wconf 89' lang='lat' dir='ltr'>fronte</span> <span class='ocrx_word' id='word_1_120' title='bbox 1455 557 1568 580; x_wconf 87' lang='lat' dir='ltr'>severa</span> 
     </span>
     <span class='ocr_line' id='line_1_36' title="bbox 377 604 1568 652; baseline -0.003 -10"><span class='ocrx_word' id='word_1_121' title='bbox 377 608 574 652; x_wconf 83' lang='lat' dir='ltr'>conspexeris</span> <span class='ocrx_word' id='word_1_122' title='bbox 589 618 654 639; x_wconf 92' lang='lat' dir='ltr'>non</span> <span class='ocrx_word' id='word_1_123' title='bbox 667 606 829 638; x_wconf 58' lang='lat' dir='ltr'>honestos</span> <span class='ocrx_word' id='word_1_124' title='bbox 877 616 991 638; x_wconf 88' lang='lat' dir='ltr'>ornnes</span> <span class='ocrx_word' id='word_1_125' title='bbox 1004 606 1091 637; x_wconf 89' lang='lat' dir='ltr'>enim</span> <span class='ocrx_word' id='word_1_126' title='bbox 1106 605 1237 638; x_wconf 83' lang='lat' dir='ltr'>virtutes</span> <span class='ocrx_word' id='word_1_127' title='bbox 1249 616 1321 637; x_wconf 84' lang='lat' dir='ltr'>suas</span> <span class='ocrx_word' id='word_1_128' title='bbox 1335 613 1429 638; x_wconf 88' lang='lat' dir='ltr'>notas</span> <span class='ocrx_word' id='word_1_129' title='bbox 1441 604 1568 645; x_wconf 84' lang='lat' dir='ltr'>volunt,</span> 
     </span>
     <span class='ocr_line' id='line_1_37' title="bbox 375 663 1569 709; baseline -0.004 -8"><span class='ocrx_word' id='word_1_130' title='bbox 375 679 441 701; x_wconf 89' lang='lat' dir='ltr'>non</span> <span class='ocrx_word' id='word_1_131' title='bbox 464 666 619 709; x_wconf 90' lang='lat' dir='ltr'>obtegunt</span> <span class='ocrx_word' id='word_1_132' title='bbox 642 666 723 708; x_wconf 88' lang='lat' dir='ltr'>ipsas</span> <span class='ocrx_word' id='word_1_133' title='bbox 747 664 843 703; x_wconf 85' lang='lat' dir='ltr'>vitiis,</span> <span class='ocrx_word' id='word_1_134' title='bbox 862 675 903 696; x_wconf 91' lang='lat' dir='ltr'>ne</span> <span class='ocrx_word' id='word_1_135' title='bbox 923 663 1070 696; x_wconf 89' lang='lat' dir='ltr'>dematur</span> <span class='ocrx_word' id='word_1_136' title='bbox 1100 663 1212 706; x_wconf 91' lang='lat' dir='ltr'>opinio</span> <span class='ocrx_word' id='word_1_137' title='bbox 1244 663 1478 708; x_wconf 88' lang='lat' dir='ltr'>extimatioque</span> <span class='ocrx_word' id='word_1_138' title='bbox 1505 663 1569 696; x_wconf 89' lang='lat' dir='ltr'>vir-</span> 
     </span>
     <span class='ocr_line' id='line_1_38' title="bbox 374 720 1568 766; baseline -0.003 -8"><span class='ocrx_word' id='word_1_139' title='bbox 374 726 456 758; x_wconf 85' lang='lat' dir='ltr'>tutis.</span> <span class='ocrx_word' id='word_1_140' title='bbox 503 724 657 756; x_wconf 84' lang='lat' dir='ltr'>virtutum</span> <span class='ocrx_word' id='word_1_141' title='bbox 672 721 802 766; x_wconf 91' lang='lat' dir='ltr'>quidem</span> <span class='ocrx_word' id='word_1_142' title='bbox 817 721 958 765; x_wconf 92' lang='lat' dir='ltr'>penetral</span> <span class='ocrx_word' id='word_1_143' title='bbox 973 721 1069 754; x_wconf 90' lang='lat' dir='ltr'>fronti</span> <span class='ocrx_word' id='word_1_144' title='bbox 1086 720 1280 765; x_wconf 88' lang='lat' dir='ltr'>respondere</span> <span class='ocrx_word' id='word_1_145' title='bbox 1295 721 1396 762; x_wconf 84' lang='lat' dir='ltr'>solet3</span> <span class='ocrx_word' id='word_1_146' title='bbox 1413 722 1568 755; x_wconf 88' lang='lat' dir='ltr'>vitiosum</span> 
     </span>
     <span class='ocr_line' id='line_1_39' title="bbox 374 779 1568 824; baseline -0.002 -8"><span class='ocrx_word' id='word_1_147' title='bbox 374 792 478 817; x_wconf 87' lang='lat' dir='ltr'>autern</span> <span class='ocrx_word' id='word_1_148' title='bbox 503 781 540 814; x_wconf 90' lang='lat' dir='ltr'>ab</span> <span class='ocrx_word' id='word_1_149' title='bbox 563 782 643 814; x_wconf 87' lang='lat' dir='ltr'>intra</span> <span class='ocrx_word' id='word_1_150' title='bbox 671 779 865 813; x_wconf 89' lang='lat' dir='ltr'>fermentum</span> <span class='ocrx_word' id='word_1_151' title='bbox 889 791 922 813; x_wconf 90' lang='lat' dir='ltr'>se</span> <span class='ocrx_word' id='word_1_152' title='bbox 942 779 980 813; x_wconf 88' lang='lat' dir='ltr'>ab</span> <span class='ocrx_word' id='word_1_153' title='bbox 1000 789 1088 813; x_wconf 86' lang='lat' dir='ltr'>extra</span> <span class='ocrx_word' id='word_1_154' title='bbox 1116 790 1183 813; x_wconf 89' lang='lat' dir='ltr'>non</span> <span class='ocrx_word' id='word_1_155' title='bbox 1208 780 1336 824; x_wconf 90' lang='lat' dir='ltr'>promit.</span> <span class='ocrx_word' id='word_1_156' title='bbox 1383 780 1455 824; x_wconf 89' lang='lat' dir='ltr'>quis</span> <span class='ocrx_word' id='word_1_157' title='bbox 1479 781 1568 814; x_wconf 90' lang='lat' dir='ltr'>enim</span> 
     </span>
     <span class='ocr_line' id='line_1_40' title="bbox 372 836 1568 882; baseline -0.002 -9"><span class='ocrx_word' id='word_1_158' title='bbox 372 839 570 873; x_wconf 85' lang='lat' dir='ltr'>sanctitatem</span> <span class='ocrx_word' id='word_1_159' title='bbox 601 848 632 871; x_wconf 92' lang='lat' dir='ltr'>et</span> <span class='ocrx_word' id='word_1_160' title='bbox 664 838 882 870; x_wconf 84' lang='lat' dir='ltr'>innocentiam</span> <span class='ocrx_word' id='word_1_161' title='bbox 915 849 1005 870; x_wconf 90' lang='lat' dir='ltr'>suam</span> <span class='ocrx_word' id='word_1_162' title='bbox 1031 848 1098 870; x_wconf 91' lang='lat' dir='ltr'>non</span> <span class='ocrx_word' id='word_1_163' title='bbox 1123 836 1200 870; x_wconf 88' lang='lat' dir='ltr'>velit</span> <span class='ocrx_word' id='word_1_164' title='bbox 1223 837 1366 881; x_wconf 89' lang='lat' dir='ltr'>agnosci,</span> <span class='ocrx_word' id='word_1_165' title='bbox 1390 838 1460 882; x_wconf 91' lang='lat' dir='ltr'>quis</span> <span class='ocrx_word' id='word_1_166' title='bbox 1491 837 1568 871; x_wconf 86' lang='lat' dir='ltr'>vitia</span> 
     </span>
     <span class='ocr_line' id='line_1_41' title="bbox 372 893 1568 939; baseline -0.001 -8"><span class='ocrx_word' id='word_1_167' title='bbox 372 897 462 938; x_wconf 90' lang='lat' dir='ltr'>nolit,</span> <span class='ocrx_word' id='word_1_168' title='bbox 487 897 581 929; x_wconf 89' lang='lat' dir='ltr'>etiam</span> <span class='ocrx_word' id='word_1_169' title='bbox 605 896 630 928; x_wconf 90' lang='lat' dir='ltr'>si</span> <span class='ocrx_word' id='word_1_170' title='bbox 654 895 729 939; x_wconf 88' lang='lat' dir='ltr'>ipsis</span> <span class='ocrx_word' id='word_1_171' title='bbox 763 894 846 927; x_wconf 88' lang='lat' dir='ltr'>male</span> <span class='ocrx_word' id='word_1_172' title='bbox 875 894 1022 938; x_wconf 84' lang='lat' dir='ltr'>gaudeat,</span> <span class='ocrx_word' id='word_1_173' title='bbox 1047 893 1224 928; x_wconf 87' lang='lat' dir='ltr'>occultari?</span> <span class='ocrx_word' id='word_1_174' title='bbox 1269 894 1327 928; x_wconf 90' lang='lat' dir='ltr'>sed</span> <span class='ocrx_word' id='word_1_175' title='bbox 1355 894 1415 928; x_wconf 93' lang='lat' dir='ltr'>hec</span> <span class='ocrx_word' id='word_1_176' title='bbox 1439 905 1568 930; x_wconf 88' lang='lat' dir='ltr'>acturus</span> 
     </span>
     <span class='ocr_line' id='line_1_42' title="bbox 371 953 1566 1000; baseline 0 -11"><span class='ocrx_word' id='word_1_177' title='bbox 371 956 466 1000; x_wconf 88' lang='lat' dir='ltr'>paulo</span> <span class='ocrx_word' id='word_1_178' title='bbox 490 965 562 999; x_wconf 92' lang='lat' dir='ltr'>post</span> <span class='ocrx_word' id='word_1_179' title='bbox 589 963 696 988; x_wconf 91' lang='lat' dir='ltr'>tecum</span> <span class='ocrx_word' id='word_1_180' title='bbox 726 965 817 994; x_wconf 88' lang='lat' dir='ltr'>sum;</span> <span class='ocrx_word' id='word_1_181' title='bbox 848 965 935 987; x_wconf 90' lang='lat' dir='ltr'>nunc</span> <span class='ocrx_word' id='word_1_182' title='bbox 959 953 1037 987; x_wconf 90' lang='lat' dir='ltr'>illud</span> <span class='ocrx_word' id='word_1_183' title='bbox 1060 962 1153 987; x_wconf 89' lang='lat' dir='ltr'>tuum</span> <span class='ocrx_word' id='word_1_184' title='bbox 1180 953 1353 998; x_wconf 86' lang='lat' dir='ltr'>principale</span> <span class='ocrx_word' id='word_1_185' title='bbox 1385 953 1566 989; x_wconf 82' lang='lat' dir='ltr'>discutiam.</span> 
     </span>
     <span class='ocr_line' id='line_1_43' title="bbox 371 1011 1567 1058; baseline -0.001 -10"><span class='ocrx_word' id='word_1_186' title='bbox 371 1015 403 1048; x_wconf 91' lang='lat' dir='ltr'>in</span> <span class='ocrx_word' id='word_1_187' title='bbox 422 1026 498 1058; x_wconf 92' lang='lat' dir='ltr'>quo,</span> <span class='ocrx_word' id='word_1_188' title='bbox 522 1014 547 1047; x_wconf 89' lang='lat' dir='ltr'>si</span> <span class='ocrx_word' id='word_1_189' title='bbox 570 1013 711 1057; x_wconf 88' lang='lat' dir='ltr'>superior</span> <span class='ocrx_word' id='word_1_190' title='bbox 734 1011 835 1053; x_wconf 85' lang='lat' dir='ltr'>fuero,</span> <span class='ocrx_word' id='word_1_191' title='bbox 853 1012 955 1046; x_wconf 88' lang='lat' dir='ltr'>victor</span> <span class='ocrx_word' id='word_1_192' title='bbox 978 1023 1033 1045; x_wconf 88' lang='lat' dir='ltr'>ero</span> <span class='ocrx_word' id='word_1_193' title='bbox 1041 1025 1050 1053; x_wconf 90' lang='lat'>;</span> <span class='ocrx_word' id='word_1_194' title='bbox 1075 1023 1135 1046; x_wconf 90' lang='lat' dir='ltr'>nec</span> <span class='ocrx_word' id='word_1_195' title='bbox 1160 1013 1279 1056; x_wconf 89' lang='lat' dir='ltr'>poteris</span> <span class='ocrx_word' id='word_1_196' title='bbox 1303 1012 1343 1046; x_wconf 89' lang='lat' dir='ltr'>ad</span> <span class='ocrx_word' id='word_1_197' title='bbox 1370 1013 1494 1058; x_wconf 86' lang='lat' dir='ltr'>aliquos</span> <span class='ocrx_word' id='word_1_198' title='bbox 1521 1013 1567 1048; x_wconf 92' lang='lat' dir='ltr'>sic</span> 
     </span>
     <span class='ocr_line' id='line_1_44' title="bbox 371 1069 1568 1115; baseline 0.001 -11"><span class='ocrx_word' id='word_1_199' title='bbox 371 1071 487 1106; x_wconf 91' lang='lat' dir='ltr'>habere</span> <span class='ocrx_word' id='word_1_200' title='bbox 510 1082 683 1111; x_wconf 87' lang='lat' dir='ltr'>recursum,</span> <span class='ocrx_word' id='word_1_201' title='bbox 707 1071 783 1115; x_wconf 87' lang='lat' dir='ltr'>quin</span> <span class='ocrx_word' id='word_1_202' title='bbox 807 1069 1008 1111; x_wconf 78' lang='lat' dir='ltr'>succumbaS,</span> <span class='ocrx_word' id='word_1_203' title='bbox 1033 1070 1110 1114; x_wconf 92' lang='lat' dir='ltr'>quin</span> <span class='ocrx_word' id='word_1_204' title='bbox 1133 1079 1166 1104; x_wconf 91' lang='lat' dir='ltr'>te</span> <span class='ocrx_word' id='word_1_205' title='bbox 1190 1082 1257 1104; x_wconf 91' lang='lat' dir='ltr'>non</span> <span class='ocrx_word' id='word_1_206' title='bbox 1277 1080 1426 1115; x_wconf 80' lang='lat' dir='ltr'>oporteat</span> <span class='ocrx_word' id='word_1_207' title='bbox 1448 1071 1501 1105; x_wconf 87' lang='lat' dir='ltr'>vel</span> <span class='ocrx_word' id='word_1_208' title='bbox 1519 1071 1568 1105; x_wconf 91' lang='lat' dir='ltr'>in·</span> 
     </span>
     <span class='ocr_line' id='line_1_45' title="bbox 372 1128 832 1174; baseline -0.004 -11"><span class='ocrx_word' id='word_1_209' title='bbox 372 1139 461 1174; x_wconf 89' lang='lat' dir='ltr'>cepta</span> <span class='ocrx_word' id='word_1_210' title='bbox 485 1130 640 1173; x_wconf 89' lang='lat' dir='ltr'>corrigere</span> <span class='ocrx_word' id='word_1_211' title='bbox 663 1128 714 1162; x_wconf 93' lang='lat' dir='ltr'>vel</span> <span class='ocrx_word' id='word_1_212' title='bbox 732 1128 832 1161; x_wconf 89' lang='lat' dir='ltr'>silere.</span> 
     </span>
    </p>

    <p class='ocr_par' dir='ltr' id='par_1_9' title="bbox 364 1186 1567 2401">
     <span class='ocr_line' id='line_1_46' title="bbox 437 1186 1566 1233; baseline 0.001 -12"><span class='ocrx_word' id='word_1_213' title='bbox 437 1189 492 1221; x_wconf 91' lang='lat' dir='ltr'>Ais</span> <span class='ocrx_word' id='word_1_214' title='bbox 516 1188 652 1221; x_wconf 85' lang='lat' dir='ltr'>etenim:</span> <span class='ocrx_word' id='word_1_215' title='bbox 676 1186 791 1220; x_wconf 91' lang='lat' dir='ltr'>sufficit</span> <span class='ocrx_word' id='word_1_216' title='bbox 818 1195 850 1220; x_wconf 90' lang='lat' dir='ltr'>et</span> <span class='ocrx_word' id='word_1_217' title='bbox 873 1186 1006 1220; x_wconf 88' lang='lat' dir='ltr'>arbitror</span> <span class='ocrx_word' id='word_1_218' title='bbox 1029 1187 1285 1231; x_wconf 87' lang='lat' dir='ltr'>supportandum</span> <span class='ocrx_word' id='word_1_219' title='bbox 1309 1187 1398 1232; x_wconf 90' lang='lat' dir='ltr'>quod</span> <span class='ocrx_word' id='word_1_220' title='bbox 1422 1187 1566 1233; x_wconf 86' lang='lat' dir='ltr'>diligam,</span> 
     </span>
     <span class='ocr_line' id='line_1_47' title="bbox 371 1244 1566 1292; baseline 0.003 -13"><span class='ocrx_word' id='word_1_221' title='bbox 371 1258 437 1279; x_wconf 93' lang='lat' dir='ltr'>non</span> <span class='ocrx_word' id='word_1_222' title='bbox 450 1246 488 1279; x_wconf 90' lang='lat' dir='ltr'>ad</span> <span class='ocrx_word' id='word_1_223' title='bbox 508 1245 714 1289; x_wconf 86' lang='lat' dir='ltr'>voluptatem,</span> <span class='ocrx_word' id='word_1_224' title='bbox 726 1244 781 1278; x_wconf 93' lang='lat' dir='ltr'>sed</span> <span class='ocrx_word' id='word_1_225' title='bbox 802 1256 859 1289; x_wconf 93' lang='lat' dir='ltr'>pro</span> <span class='ocrx_word' id='word_1_226' title='bbox 879 1245 996 1279; x_wconf 91' lang='lat' dir='ltr'>mentis</span> <span class='ocrx_word' id='word_1_227' title='bbox 1015 1246 1223 1286; x_wconf 89' lang='lat' dir='ltr'>recreatione,</span> <span class='ocrx_word' id='word_1_228' title='bbox 1239 1246 1356 1280; x_wconf 85' lang='lat' dir='ltr'>reiecta</span> <span class='ocrx_word' id='word_1_229' title='bbox 1374 1258 1566 1292; x_wconf 86' lang='lat' dir='ltr'>quacunque</span> 
     </span>
     <span class='ocr_line' id='line_1_48' title="bbox 374 1303 1566 1350; baseline 0.001 -12"><span class='ocrx_word' id='word_1_230' title='bbox 374 1303 503 1338; x_wconf 88' lang='lat' dir='ltr'>libidine</span> <span class='ocrx_word' id='word_1_231' title='bbox 534 1303 643 1336; x_wconf 88' lang='lat' dir='ltr'>carnis.</span> <span class='ocrx_word' id='word_1_232' title='bbox 697 1314 738 1336; x_wconf 89' lang='lat' dir='ltr'>an</span> <span class='ocrx_word' id='word_1_233' title='bbox 761 1304 819 1336; x_wconf 88' lang='lat' dir='ltr'>ista</span> <span class='ocrx_word' id='word_1_234' title='bbox 846 1303 953 1344; x_wconf 89' lang='lat' dir='ltr'>iactas,</span> <span class='ocrx_word' id='word_1_235' title='bbox 973 1303 1064 1348; x_wconf 89' lang='lat' dir='ltr'>quasi</span> <span class='ocrx_word' id='word_1_236' title='bbox 1094 1303 1183 1338; x_wconf 88' lang='lat' dir='ltr'>nulla</span> <span class='ocrx_word' id='word_1_237' title='bbox 1212 1304 1253 1337; x_wconf 91' lang='lat' dir='ltr'>sit</span> <span class='ocrx_word' id='word_1_238' title='bbox 1278 1305 1395 1338; x_wconf 86' lang='lat' dir='ltr'>vitiosa</span> <span class='ocrx_word' id='word_1_239' title='bbox 1418 1304 1566 1350; x_wconf 56' lang='lat' dir='ltr'>voluptas</span> 
     </span>
     <span class='ocr_line' id='line_1_49' title="bbox 370 1359 1567 1408; baseline 0.003 -13"><span class='ocrx_word' id='word_1_240' title='bbox 370 1371 401 1396; x_wconf 92' lang='lat' dir='ltr'>et</span> <span class='ocrx_word' id='word_1_241' title='bbox 423 1361 632 1395; x_wconf 89' lang='lat' dir='ltr'>immoderata</span> <span class='ocrx_word' id='word_1_242' title='bbox 656 1360 832 1402; x_wconf 86' lang='lat' dir='ltr'>delectatio,</span> <span class='ocrx_word' id='word_1_243' title='bbox 858 1362 919 1395; x_wconf 91' lang='lat' dir='ltr'>nisi</span> <span class='ocrx_word' id='word_1_244' title='bbox 943 1362 1074 1395; x_wconf 89' lang='lat' dir='ltr'>carnalis</span> <span class='ocrx_word' id='word_1_245' title='bbox 1100 1362 1153 1397; x_wconf 88' lang='lat' dir='ltr'>ille</span> <span class='ocrx_word' id='word_1_246' title='bbox 1177 1362 1393 1397; x_wconf 87' lang='lat' dir='ltr'>concubitus?</span> <span class='ocrx_word' id='word_1_247' title='bbox 1437 1372 1470 1398; x_wconf 93' lang='lat' dir='ltr'>et</span> <span class='ocrx_word' id='word_1_248' title='bbox 1492 1359 1567 1408; x_wconf 82' lang='lat' dir='ltr'>quia</span> 
     </span>
     <span class='ocr_line' id='line_1_50' title="bbox 369 1419 1565 1466; baseline 0.004 -14"><span class='ocrx_word' id='word_1_249' title='bbox 369 1432 421 1453; x_wconf 89' lang='lat' dir='ltr'>me</span> <span class='ocrx_word' id='word_1_250' title='bbox 439 1419 597 1464; x_wconf 81' lang='lat' dir='ltr'>prohibeS,</span> <span class='ocrx_word' id='word_1_251' title='bbox 616 1419 684 1452; x_wconf 86' lang='lat' dir='ltr'>imo</span> <span class='ocrx_word' id='word_1_252' title='bbox 711 1421 840 1453; x_wconf 88' lang='lat' dir='ltr'>verteris</span> <span class='ocrx_word' id='word_1_253' title='bbox 859 1421 892 1453; x_wconf 92' lang='lat' dir='ltr'>in</span> <span class='ocrx_word' id='word_1_254' title='bbox 915 1420 1026 1461; x_wconf 91' lang='lat' dir='ltr'>risum,</span> <span class='ocrx_word' id='word_1_255' title='bbox 1040 1420 1148 1465; x_wconf 82' lang='lat' dir='ltr'>quod3</span> <span class='ocrx_word' id='word_1_256' title='bbox 1167 1433 1251 1466; x_wconf 89' lang='lat' dir='ltr'>pene</span> <span class='ocrx_word' id='word_1_257' title='bbox 1270 1422 1333 1455; x_wconf 90' lang='lat' dir='ltr'>tuis</span> <span class='ocrx_word' id='word_1_258' title='bbox 1352 1421 1456 1456; x_wconf 88' lang='lat' dir='ltr'>verbis</span> <span class='ocrx_word' id='word_1_259' title='bbox 1476 1431 1565 1465; x_wconf 86' lang='lat' dir='ltr'>utar;</span> 
     </span>
     <span class='ocr_line' id='line_1_51' title="bbox 369 1477 1566 1526; baseline 0.004 -16"><span class='ocrx_word' id='word_1_260' title='bbox 369 1490 420 1511; x_wconf 87' lang='lat' dir='ltr'>me</span> <span class='ocrx_word' id='word_1_261' title='bbox 433 1482 471 1511; x_wconf 90' lang='lat' dir='ltr'>ad</span> <span class='ocrx_word' id='word_1_262' title='bbox 483 1477 735 1511; x_wconf 88' lang='lat' dir='ltr'>Mendicantium</span> <span class='ocrx_word' id='word_1_263' title='bbox 751 1487 940 1522; x_wconf 86' lang='lat' dir='ltr'>argumenta</span> <span class='ocrx_word' id='word_1_264' title='bbox 956 1487 1143 1512; x_wconf 86' lang='lat' dir='ltr'>convertam</span> <span class='ocrx_word' id='word_1_265' title='bbox 1158 1488 1190 1513; x_wconf 93' lang='lat' dir='ltr'>et</span> <span class='ocrx_word' id='word_1_266' title='bbox 1205 1479 1335 1513; x_wconf 89' lang='lat' dir='ltr'>illorum</span> <span class='ocrx_word' id='word_1_267' title='bbox 1353 1480 1408 1524; x_wconf 90' lang='lat' dir='ltr'>qui</span> <span class='ocrx_word' id='word_1_268' title='bbox 1429 1479 1566 1526; x_wconf 86' lang='lat' dir='ltr'>amplius</span> 
     </span>
     <span class='ocr_line' id='line_1_52' title="bbox 367 1534 1565 1580; baseline 0.004 -13"><span class='ocrx_word' id='word_1_269' title='bbox 367 1546 433 1567; x_wconf 89' lang='lat' dir='ltr'>non</span> <span class='ocrx_word' id='word_1_270' title='bbox 459 1543 592 1578; x_wconf 88' lang='lat' dir='ltr'>possunt</span> <span class='ocrx_word' id='word_1_271' title='bbox 611 1534 643 1567; x_wconf 91' lang='lat' dir='ltr'>in</span> <span class='ocrx_word' id='word_1_272' title='bbox 662 1534 761 1578; x_wconf 94' lang='lat' dir='ltr'>prelio</span> <span class='ocrx_word' id='word_1_273' title='bbox 781 1534 934 1576; x_wconf 90' lang='lat' dir='ltr'>residere;</span> <span class='ocrx_word' id='word_1_274' title='bbox 954 1546 1204 1580; x_wconf 87' lang='lat' dir='ltr'>sermonemque</span> <span class='ocrx_word' id='word_1_275' title='bbox 1219 1545 1252 1570; x_wconf 91' lang='lat' dir='ltr'>et</span> <span class='ocrx_word' id='word_1_276' title='bbox 1268 1537 1451 1571; x_wconf 85' lang='lat' dir='ltr'>orationem</span> <span class='ocrx_word' id='word_1_277' title='bbox 1465 1536 1505 1572; x_wconf 82' lang='lat' dir='ltr'>ad</span> <span class='ocrx_word' id='word_1_278' title='bbox 1518 1536 1565 1572; x_wconf 90' lang='lat' dir='ltr'>di-</span> 
     </span>
     <span class='ocr_line' id='line_1_53' title="bbox 367 1592 1565 1641; baseline 0.004 -16"><span class='ocrx_word' id='word_1_279' title='bbox 367 1593 439 1626; x_wconf 83' lang='lat' dir='ltr'>vina</span> <span class='ocrx_word' id='word_1_280' title='bbox 464 1592 640 1632; x_wconf 90' lang='lat' dir='ltr'>deflectam,</span> <span class='ocrx_word' id='word_1_281' title='bbox 665 1602 700 1626; x_wconf 93' lang='lat' dir='ltr'>ut</span> <span class='ocrx_word' id='word_1_282' title='bbox 723 1604 821 1626; x_wconf 89' lang='lat' dir='ltr'>nemo</span> <span class='ocrx_word' id='word_1_283' title='bbox 846 1593 960 1627; x_wconf 89' lang='lat' dir='ltr'>audeat</span> <span class='ocrx_word' id='word_1_284' title='bbox 992 1593 1106 1627; x_wconf 91' lang='lat' dir='ltr'>talibus</span> <span class='ocrx_word' id='word_1_285' title='bbox 1141 1596 1310 1636; x_wconf 84' lang='lat' dir='ltr'>contraire3</span> <span class='ocrx_word' id='word_1_286' title='bbox 1335 1596 1449 1640; x_wconf 84' lang='lat' dir='ltr'>visque</span> <span class='ocrx_word' id='word_1_287' title='bbox 1476 1595 1565 1641; x_wconf 90' lang='lat' dir='ltr'>quod</span> 
     </span>
     <span class='ocr_line' id='line_1_54' title="bbox 367 1650 1566 1697; baseline 0.004 -14"><span class='ocrx_word' id='word_1_288' title='bbox 367 1650 476 1694; x_wconf 90' lang='lat' dir='ltr'>loquar</span> <span class='ocrx_word' id='word_1_289' title='bbox 487 1659 522 1684; x_wconf 93' lang='lat' dir='ltr'>ut</span> <span class='ocrx_word' id='word_1_290' title='bbox 539 1650 650 1690; x_wconf 88' lang='lat' dir='ltr'>homo,</span> <span class='ocrx_word' id='word_1_291' title='bbox 663 1662 730 1684; x_wconf 91' lang='lat' dir='ltr'>non</span> <span class='ocrx_word' id='word_1_292' title='bbox 742 1662 836 1695; x_wconf 88' lang='lat' dir='ltr'>agam</span> <span class='ocrx_word' id='word_1_293' title='bbox 854 1661 888 1685; x_wconf 95' lang='lat' dir='ltr'>ut</span> <span class='ocrx_word' id='word_1_294' title='bbox 903 1651 1039 1693; x_wconf 89' lang='lat' dir='ltr'>Cicero;</span> <span class='ocrx_word' id='word_1_295' title='bbox 1055 1663 1150 1696; x_wconf 87' lang='lat' dir='ltr'>agam</span> <span class='ocrx_word' id='word_1_296' title='bbox 1165 1652 1260 1697; x_wconf 91' lang='lat' dir='ltr'>plane</span> <span class='ocrx_word' id='word_1_297' title='bbox 1275 1662 1383 1687; x_wconf 88' lang='lat' dir='ltr'>tecum</span> <span class='ocrx_word' id='word_1_298' title='bbox 1399 1663 1435 1688; x_wconf 92' lang='lat' dir='ltr'>ut</span> <span class='ocrx_word' id='word_1_299' title='bbox 1449 1653 1566 1696; x_wconf 88' lang='lat' dir='ltr'>homo,</span> 
     </span>
     <span class='ocr_line' id='line_1_55' title="bbox 366 1709 1566 1755; baseline 0.005 -13"><span class='ocrx_word' id='word_1_300' title='bbox 366 1709 626 1754; x_wconf 64' lang='lat' dir='ltr'>quem‚rationale</span> <span class='ocrx_word' id='word_1_301' title='bbox 635 1722 703 1743; x_wconf 91' lang='lat' dir='ltr'>esse</span> <span class='ocrx_word' id='word_1_302' title='bbox 714 1710 830 1744; x_wconf 91' lang='lat' dir='ltr'>animal</span> <span class='ocrx_word' id='word_1_303' title='bbox 843 1720 937 1755; x_wconf 92' lang='lat' dir='ltr'>atque</span> <span class='ocrx_word' id='word_1_304' title='bbox 948 1711 1084 1745; x_wconf 88' lang='lat' dir='ltr'>mortale</span> <span class='ocrx_word' id='word_1_305' title='bbox 1097 1721 1289 1746; x_wconf 89' lang='lat' dir='ltr'>cunctorum</span> <span class='ocrx_word' id='word_1_306' title='bbox 1298 1711 1448 1747; x_wconf 85' lang='lat' dir='ltr'>diffinivit</span> <span class='ocrx_word' id='word_1_307' title='bbox 1457 1723 1566 1748; x_wconf 87' lang='lat' dir='ltr'>aucto-</span> 
     </span>
     <span class='ocr_line' id='line_1_56' title="bbox 367 1768 1566 1813; baseline 0.005 -13"><span class='ocrx_word' id='word_1_308' title='bbox 367 1768 455 1808; x_wconf 81' lang='lat' dir='ltr'>ritas;</span> <span class='ocrx_word' id='word_1_309' title='bbox 475 1779 567 1812; x_wconf 89' lang='lat' dir='ltr'>agam</span> <span class='ocrx_word' id='word_1_310' title='bbox 579 1769 683 1813; x_wconf 90' lang='lat' dir='ltr'>itaque</span> <span class='ocrx_word' id='word_1_311' title='bbox 706 1777 814 1803; x_wconf 87' lang='lat' dir='ltr'>tecum</span> <span class='ocrx_word' id='word_1_312' title='bbox 837 1778 872 1803; x_wconf 90' lang='lat' dir='ltr'>ut</span> <span class='ocrx_word' id='word_1_313' title='bbox 895 1769 1058 1803; x_wconf 88' lang='lat' dir='ltr'>rationalis</span> <span class='ocrx_word' id='word_1_314' title='bbox 1077 1779 1109 1804; x_wconf 91' lang='lat' dir='ltr'>et</span> <span class='ocrx_word' id='word_1_315' title='bbox 1128 1770 1258 1811; x_wconf 85' lang='lat' dir='ltr'>animal,</span> <span class='ocrx_word' id='word_1_316' title='bbox 1277 1783 1356 1813; x_wconf 85' lang='lat' dir='ltr'>non,</span> <span class='ocrx_word' id='word_1_317' title='bbox 1377 1780 1412 1805; x_wconf 93' lang='lat' dir='ltr'>ut</span> <span class='ocrx_word' id='word_1_318' title='bbox 1434 1772 1566 1807; x_wconf 80' lang='lat' dir='ltr'>te.arbi·</span> 
     </span>
     <span class='ocr_line' id='line_1_57' title="bbox 366 1826 1564 1877; baseline 0.006 -18"><span class='ocrx_word' id='word_1_319' title='bbox 366 1835 431 1860; x_wconf 93' lang='lat' dir='ltr'>tror</span> <span class='ocrx_word' id='word_1_320' title='bbox 452 1826 637 1871; x_wconf 89' lang='lat' dir='ltr'>intelligere,</span> <span class='ocrx_word' id='word_1_321' title='bbox 657 1827 756 1861; x_wconf 90' lang='lat' dir='ltr'>veluti</span> <span class='ocrx_word' id='word_1_322' title='bbox 779 1827 923 1862; x_wconf 90' lang='lat' dir='ltr'>sensibus</span> <span class='ocrx_word' id='word_1_323' title='bbox 947 1827 1072 1862; x_wconf 89' lang='lat' dir='ltr'>deditus</span> <span class='ocrx_word' id='word_1_324' title='bbox 1099 1838 1131 1862; x_wconf 91' lang='lat' dir='ltr'>et</span> <span class='ocrx_word' id='word_1_325' title='bbox 1154 1829 1322 1874; x_wconf 87' lang='lat' dir='ltr'>voluptati.</span> <span class='ocrx_word' id='word_1_326' title='bbox 1376 1830 1564 1877; x_wconf 81' lang='lat' dir='ltr'>utinamque</span> 
     </span>
     <span class='ocr_line' id='line_1_58' title="bbox 366 1885 1564 1935; baseline 0.006 -17"><span class='ocrx_word' id='word_1_327' title='bbox 366 1885 451 1929; x_wconf 91' lang='lat' dir='ltr'>loqui</span> <span class='ocrx_word' id='word_1_328' title='bbox 464 1896 591 1929; x_wconf 89' lang='lat' dir='ltr'>possem</span> <span class='ocrx_word' id='word_1_329' title='bbox 604 1895 638 1919; x_wconf 91' lang='lat' dir='ltr'>ut</span> <span class='ocrx_word' id='word_1_330' title='bbox 651 1886 782 1920; x_wconf 91' lang='lat' dir='ltr'>Cicero!</span> <span class='ocrx_word' id='word_1_331' title='bbox 821 1886 935 1920; x_wconf 89' lang='lat' dir='ltr'>saltem</span> <span class='ocrx_word' id='word_1_332' title='bbox 950 1887 976 1920; x_wconf 85' lang='lat' dir='ltr'>si</span> <span class='ocrx_word' id='word_1_333' title='bbox 993 1888 1026 1921; x_wconf 94' lang='lat' dir='ltr'>in</span> <span class='ocrx_word' id='word_1_334' title='bbox 1041 1897 1072 1922; x_wconf 94' lang='lat' dir='ltr'>te</span> <span class='ocrx_word' id='word_1_335' title='bbox 1087 1887 1188 1922; x_wconf 90' lang='lat' dir='ltr'>finem</span> <span class='ocrx_word' id='word_1_336' title='bbox 1204 1890 1329 1934; x_wconf 86' lang='lat' dir='ltr'>assequi</span> <span class='ocrx_word' id='word_1_337' title='bbox 1340 1900 1408 1924; x_wconf 88' lang='lat' dir='ltr'>non</span> <span class='ocrx_word' id='word_1_338' title='bbox 1421 1901 1564 1935; x_wconf 66' lang='lat' dir='ltr'>possein,</span> 
     </span>
     <span class='ocr_line' id='line_1_59' title="bbox 367 1943 1564 1991; baseline 0.008 -16"><span class='ocrx_word' id='word_1_339' title='bbox 367 1951 401 1976; x_wconf 91' lang='lat' dir='ltr'>ut</span> <span class='ocrx_word' id='word_1_340' title='bbox 424 1943 653 1986; x_wconf 88' lang='lat' dir='ltr'>persuaderem,</span> <span class='ocrx_word' id='word_1_341' title='bbox 672 1943 759 1988; x_wconf 92' lang='lat' dir='ltr'>quod</span> <span class='ocrx_word' id='word_1_342' title='bbox 781 1945 814 1978; x_wconf 91' lang='lat' dir='ltr'>in</span> <span class='ocrx_word' id='word_1_343' title='bbox 840 1944 982 1979; x_wconf 90' lang='lat' dir='ltr'>auditore</span> <span class='ocrx_word' id='word_1_344' title='bbox 1006 1954 1065 1987; x_wconf 90' lang='lat' dir='ltr'>est,</span> <span class='ocrx_word' id='word_1_345' title='bbox 1089 1946 1282 1991; x_wconf 85' lang='lat' dir='ltr'>explicarem</span> <span class='ocrx_word' id='word_1_346' title='bbox 1301 1956 1411 1982; x_wconf 88' lang='lat' dir='ltr'>tamen</span> <span class='ocrx_word' id='word_1_347' title='bbox 1428 1950 1564 1984; x_wconf 81' lang='lat' dir='ltr'>oratoris</span> 
     </span>
     <span class='ocr_line' id='line_1_60' title="bbox 366 1999 1564 2049; baseline 0.008 -17"><span class='ocrx_word' id='word_1_348' title='bbox 366 1999 508 2033; x_wconf 88' lang='lat' dir='ltr'>officium</span> <span class='ocrx_word' id='word_1_349' title='bbox 531 2001 670 2044; x_wconf 91' lang='lat' dir='ltr'>apposite</span> <span class='ocrx_word' id='word_1_350' title='bbox 694 2000 841 2044; x_wconf 91' lang='lat' dir='ltr'>quidem;</span> <span class='ocrx_word' id='word_1_351' title='bbox 865 2001 928 2035; x_wconf 92' lang='lat' dir='ltr'>hoc</span> <span class='ocrx_word' id='word_1_352' title='bbox 949 2011 998 2035; x_wconf 91' lang='lat' dir='ltr'>est</span> <span class='ocrx_word' id='word_1_353' title='bbox 1015 2002 1134 2036; x_wconf 92' lang='lat' dir='ltr'>idonee</span> <span class='ocrx_word' id='word_1_354' title='bbox 1151 2003 1291 2038; x_wconf 90' lang='lat' dir='ltr'>dicerem</span> <span class='ocrx_word' id='word_1_355' title='bbox 1306 2004 1347 2038; x_wconf 87' lang='lat' dir='ltr'>ad</span> <span class='ocrx_word' id='word_1_356' title='bbox 1369 2005 1564 2049; x_wconf 86' lang='lat' dir='ltr'>persuaden—</span> 
     </span>
     <span class='ocr_line' id='line_1_61' title="bbox 366 2057 1564 2106; baseline 0.008 -16"><span class='ocrx_word' id='word_1_357' title='bbox 366 2057 452 2091; x_wconf 90' lang='lat' dir='ltr'>dum.</span> <span class='ocrx_word' id='word_1_358' title='bbox 498 2057 553 2091; x_wconf 93' lang='lat' dir='ltr'>sed</span> <span class='ocrx_word' id='word_1_359' title='bbox 571 2058 644 2102; x_wconf 86' lang='lat' dir='ltr'>quia</span> <span class='ocrx_word' id='word_1_360' title='bbox 666 2057 788 2092; x_wconf 91' lang='lat' dir='ltr'>facilius</span> <span class='ocrx_word' id='word_1_361' title='bbox 812 2069 859 2093; x_wconf 92' lang='lat' dir='ltr'>est</span> <span class='ocrx_word' id='word_1_362' title='bbox 882 2059 1052 2094; x_wconf 89' lang='lat' dir='ltr'>hominem</span> <span class='ocrx_word' id='word_1_363' title='bbox 1075 2073 1145 2095; x_wconf 90' lang='lat' dir='ltr'>esse</span> <span class='ocrx_word' id='word_1_364' title='bbox 1168 2073 1267 2106; x_wconf 86' lang='lat' dir='ltr'>quam</span> <span class='ocrx_word' id='word_1_365' title='bbox 1291 2063 1500 2106; x_wconf 86' lang='lat' dir='ltr'>Ciceronem,</span> <span class='ocrx_word' id='word_1_366' title='bbox 1514 2064 1564 2099; x_wconf 90' lang='lat' dir='ltr'>lo-</span> 
     </span>
     <span class='ocr_line' id='line_1_62' title="bbox 364 2117 1563 2168; baseline 0.008 -19"><span class='ocrx_word' id='word_1_367' title='bbox 364 2128 441 2161; x_wconf 88' lang='lat' dir='ltr'>quar</span> <span class='ocrx_word' id='word_1_368' title='bbox 463 2126 498 2151; x_wconf 89' lang='lat' dir='ltr'>ut</span> <span class='ocrx_word' id='word_1_369' title='bbox 520 2117 631 2158; x_wconf 87' lang='lat' dir='ltr'>homo,</span> <span class='ocrx_word' id='word_1_370' title='bbox 647 2130 706 2151; x_wconf 92' lang='lat' dir='ltr'>nec</span> <span class='ocrx_word' id='word_1_371' title='bbox 725 2129 819 2163; x_wconf 88' lang='lat' dir='ltr'>agam</span> <span class='ocrx_word' id='word_1_372' title='bbox 843 2129 878 2153; x_wconf 92' lang='lat' dir='ltr'>ut</span> <span class='ocrx_word' id='word_1_373' title='bbox 902 2119 1029 2154; x_wconf 87' lang='lat' dir='ltr'>Cicero.</span> <span class='ocrx_word' id='word_1_374' title='bbox 1075 2129 1110 2155; x_wconf 93' lang='lat' dir='ltr'>tu</span> <span class='ocrx_word' id='word_1_375' title='bbox 1134 2130 1166 2155; x_wconf 93' lang='lat' dir='ltr'>te</span> <span class='ocrx_word' id='word_1_376' title='bbox 1190 2122 1301 2163; x_wconf 87' lang='lat' dir='ltr'>michi,</span> <span class='ocrx_word' id='word_1_377' title='bbox 1325 2134 1448 2168; x_wconf 90' lang='lat' dir='ltr'>precor,</span> <span class='ocrx_word' id='word_1_378' title='bbox 1473 2123 1563 2158; x_wconf 83' lang='lat' dir='ltr'>exhi-</span> 
     </span>
     <span class='ocr_line' id='line_1_63' title="bbox 366 2164 1562 2226; baseline 0.009 -19"><span class='ocrx_word' id='word_1_379' title='bbox 366 2175 447 2216; x_wconf 87' lang='lat' dir='ltr'>beas,</span> <span class='ocrx_word' id='word_1_380' title='bbox 467 2176 592 2220; x_wconf 93' lang='lat' dir='ltr'>qualem</span> <span class='ocrx_word' id='word_1_381' title='bbox 615 2187 648 2209; x_wconf 88' lang='lat' dir='ltr'>se</span> <span class='ocrx_word' id='word_1_382' title='bbox 673 2164 806 2210; x_wconf 83' lang='lat' dir='ltr'>Polemo</span> <span class='ocrx_word' id='word_1_383' title='bbox 829 2178 955 2222; x_wconf 90' lang='lat' dir='ltr'>prebuit</span> <span class='ocrx_word' id='word_1_384' title='bbox 983 2180 1158 2214; x_wconf 88' lang='lat' dir='ltr'>Xenocrati</span> <span class='ocrx_word' id='word_1_385' title='bbox 1165 2194 1176 2222; x_wconf 82' lang='lat'>;</span> <span class='ocrx_word' id='word_1_386' title='bbox 1195 2181 1260 2226; x_wconf 89' lang='lat' dir='ltr'>qui,</span> <span class='ocrx_word' id='word_1_387' title='bbox 1285 2193 1360 2216; x_wconf 90' lang='lat' dir='ltr'>cum</span> <span class='ocrx_word' id='word_1_388' title='bbox 1389 2192 1562 2218; x_wconf 81' lang='lat' dir='ltr'>coronatus</span> 
     </span>
     <span class='ocr_line' id='line_1_64' title="bbox 364 2233 1562 2287; baseline 0.008 -21"><span class='ocrx_word' id='word_1_389' title='bbox 364 2233 502 2274; x_wconf 86' lang='lat' dir='ltr'>floribus,</span> <span class='ocrx_word' id='word_1_390' title='bbox 513 2234 674 2268; x_wconf 86' lang='lat' dir='ltr'>luxuriose</span> <span class='ocrx_word' id='word_1_391' title='bbox 691 2237 833 2277; x_wconf 88' lang='lat' dir='ltr'>vestitus,</span> <span class='ocrx_word' id='word_1_392' title='bbox 845 2237 994 2271; x_wconf 90' lang='lat' dir='ltr'>redolens</span> <span class='ocrx_word' id='word_1_393' title='bbox 1008 2239 1180 2283; x_wconf 86' lang='lat' dir='ltr'>unguentis</span> <span class='ocrx_word' id='word_1_394' title='bbox 1193 2248 1225 2274; x_wconf 90' lang='lat' dir='ltr'>et</span> <span class='ocrx_word' id='word_1_395' title='bbox 1236 2240 1315 2274; x_wconf 89' lang='lat' dir='ltr'>vino</span> <span class='ocrx_word' id='word_1_396' title='bbox 1327 2242 1446 2286; x_wconf 81' lang='lat' dir='ltr'>gravis,</span> <span class='ocrx_word' id='word_1_397' title='bbox 1458 2252 1477 2275; x_wconf 87' lang='lat' dir='ltr'>a</span> <span class='ocrx_word' id='word_1_398' title='bbox 1487 2253 1562 2287; x_wconf 86' lang='lat' dir='ltr'>pro·</span> 
     </span>
     <span class='ocr_line' id='line_1_65' title="bbox 364 2292 1560 2344; baseline 0.008 -20"><span class='ocrx_word' id='word_1_399' title='bbox 364 2299 460 2325; x_wconf 87' lang='lat' dir='ltr'>tracta</span> <span class='ocrx_word' id='word_1_400' title='bbox 482 2292 515 2325; x_wconf 89' lang='lat' dir='ltr'>in</span> <span class='ocrx_word' id='word_1_401' title='bbox 534 2300 640 2326; x_wconf 88' lang='lat' dir='ltr'>ortum</span> <span class='ocrx_word' id='word_1_402' title='bbox 663 2293 739 2327; x_wconf 89' lang='lat' dir='ltr'>solis</span> <span class='ocrx_word' id='word_1_403' title='bbox 764 2305 842 2327; x_wconf 88' lang='lat' dir='ltr'>cena</span> <span class='ocrx_word' id='word_1_404' title='bbox 866 2293 1003 2329; x_wconf 89' lang='lat' dir='ltr'>domum</span> <span class='ocrx_word' id='word_1_405' title='bbox 1021 2295 1157 2338; x_wconf 90' lang='lat' dir='ltr'>rediens,</span> <span class='ocrx_word' id='word_1_406' title='bbox 1174 2297 1259 2331; x_wconf 91' lang='lat' dir='ltr'>illius</span> <span class='ocrx_word' id='word_1_407' title='bbox 1275 2298 1462 2344; x_wconf 83' lang='lat' dir='ltr'>philosophi</span> <span class='ocrx_word' id='word_1_408' title='bbox 1476 2298 1560 2334; x_wconf 87' lang='lat' dir='ltr'>forte</span> 
     </span>
     <span class='ocr_line' id='line_1_66' title="bbox 365 2350 1562 2401; baseline 0.01 -20"><span class='ocrx_word' id='word_1_409' title='bbox 365 2358 505 2393; x_wconf 85' lang='lat' dir='ltr'>patentes</span> <span class='ocrx_word' id='word_1_410' title='bbox 528 2350 629 2384; x_wconf 89' lang='lat' dir='ltr'>scolas</span> <span class='ocrx_word' id='word_1_411' title='bbox 651 2351 808 2394; x_wconf 90' lang='lat' dir='ltr'>intrasset,</span> <span class='ocrx_word' id='word_1_412' title='bbox 832 2352 948 2387; x_wconf 89' lang='lat' dir='ltr'>derisui</span> <span class='ocrx_word' id='word_1_413' title='bbox 981 2353 1108 2388; x_wconf 88' lang='lat' dir='ltr'>habitus</span> <span class='ocrx_word' id='word_1_414' title='bbox 1131 2355 1289 2401; x_wconf 87' lang='lat' dir='ltr'>planeque</span> <span class='ocrx_word' id='word_1_415' title='bbox 1313 2366 1345 2391; x_wconf 91' lang='lat' dir='ltr'>et</span> <span class='ocrx_word' id='word_1_416' title='bbox 1367 2357 1491 2392; x_wconf 83' lang='lat' dir='ltr'>derisor</span> <span class='ocrx_word' id='word_1_417' title='bbox 1511 2358 1562 2393; x_wconf 86' lang='lat' dir='ltr'>in·</span> 
     </span>
    </p>
   </div>
   <div class='ocr_carea' id='block_1_9' title="bbox 420 2482 1176 2516">
    <p class='ocr_par' dir='ltr' id='par_1_10' title="bbox 420 2482 1176 2516">
     <span class='ocr_line' id='line_1_67' title="bbox 420 2482 1176 2516; baseline 0.008 -12"><span class='ocrx_word' id='word_1_418' title='bbox 420 2488 453 2510; x_wconf 88' lang='lat'>3¹·</span> <span class='ocrx_word' id='word_1_419' title='bbox 468 2482 523 2505; x_wconf 74' lang='lat' dir='ltr'>Coa.</span> <span class='ocrx_word' id='word_1_420' title='bbox 535 2489 579 2511; x_wconf 78' lang='lat' dir='ltr'>per</span> <span class='ocrx_word' id='word_1_421' title='bbox 592 2483 682 2506; x_wconf 85' lang='lat' dir='ltr'>Polemo</span> <span class='ocrx_word' id='word_1_422' title='bbox 696 2490 751 2506; x_wconf 73' lang='grc' dir='ltr'><em>νει-α</em></span> <span class='ocrx_word' id='word_1_423' title='bbox 765 2485 836 2514; x_wconf 71' lang='lat' dir='ltr'>Phyto</span> <span class='ocrx_word' id='word_1_424' title='bbox 905 2491 988 2516; x_wconf 79' lang='lat'><strong>32-33·</strong></span> <span class='ocrx_word' id='word_1_425' title='bbox 1004 2486 1058 2509; x_wconf 81' lang='lat' dir='ltr'>Cod.</span> <span class='ocrx_word' id='word_1_426' title='bbox 1074 2490 1176 2515; x_wconf 71' lang='lat' dir='ltr'>potrum</span> 
     </span>
    </p>
   </div>
   <div class='ocr_carea' id='block_1_10' title="bbox 1599 964 1639 988">
    <p class='ocr_par' dir='ltr' id='par_1_11' title="bbox 1599 964 1639 988">
     <span class='ocr_line' id='line_1_68' title="bbox 1599 964 1639 988; baseline 0 0"><span class='ocrx_word' id='word_1_427' title='bbox 1599 964 1639 988; x_wconf 84' lang='lat'>10</span> 
     </span>
    </p>
   </div>
   <div class='ocr_carea' id='block_1_11' title="bbox 1597 1255 1635 1289">
    <p class='ocr_par' dir='ltr' id='par_1_12' title="bbox 1597 1255 1635 1289">
     <span class='ocr_line' id='line_1_69' title="bbox 1597 1255 1635 1289; baseline 0 0"><span class='ocrx_word' id='word_1_428' title='bbox 1597 1255 1635 1289; x_wconf 88' lang='lat'>15</span> 
     </span>
    </p>
   </div>
   <div class='ocr_carea' id='block_1_12' title="bbox 1593 1546 1637 1570">
    <p class='ocr_par' dir='ltr' id='par_1_13' title="bbox 1593 1546 1637 1570">
     <span class='ocr_line' id='line_1_70' title="bbox 1593 1546 1637 1570; baseline 0 0"><span class='ocrx_word' id='word_1_429' title='bbox 1593 1546 1637 1570; x_wconf 89' lang='lat'>20</span> 
     </span>
    </p>
   </div>
   <div class='ocr_carea' id='block_1_13' title="bbox 1591 1838 1632 1872">
    <p class='ocr_par' dir='ltr' id='par_1_14' title="bbox 1591 1838 1632 1872">
     <span class='ocr_line' id='line_1_71' title="bbox 1591 1838 1632 1872; baseline 0 0"><span class='ocrx_word' id='word_1_430' title='bbox 1591 1838 1632 1872; x_wconf 83' lang='lat'>25</span> 
     </span>
    </p>
   </div>
   <div class='ocr_carea' id='block_1_14' title="bbox 1590 2134 1633 2168">
    <p class='ocr_par' dir='ltr' id='par_1_15' title="bbox 1590 2134 1633 2168">
     <span class='ocr_line' id='line_1_72' title="bbox 1590 2134 1633 2168; baseline 0 -10"><span class='ocrx_word' id='word_1_431' title='bbox 1590 2134 1633 2168; x_wconf 80' lang='grc'>30</span> 
     </span>
    </p>
   </div>
  </div>
 </body>
</html>
