1682 2762
339 213 404 255 652
763 214 1115 245 EPISTOLARIO

339 342 472 388 quidem
490 354 559 377 esse
580 342 704 376 virtutis
719 340 870 375 nobilitas
890 341 1040 386 exigitur,
1055 351 1118 385 que
1137 351 1204 374 non
1224 339 1397 384 acquiritur
1415 337 1548 380 actibus,

119 410 219 431 Lavini:
238 409 306 429 inf-ui
338 401 394 435 sed
419 413 436 434 a
461 409 573 435 natura
597 399 692 434 nobis
716 408 764 433 est
787 399 915 433 inserta.
962 399 1062 433 virtus
1082 407 1190 432 autem
1211 397 1412 432 nobilitatem
1436 405 1548 431 nature

93 444 137 458 non
160 443 207 457 cren
229 436 248 456 ln
268 443 306 456 no-

93 464 307 512 l'ihffissssssfehssifme'
337 471 404 493 non
421 458 504 500 facit,
521 458 578 493 sed
590 458 725 492 invenit.
771 457 861 492 illam
876 467 999 498 tamen,
1013 456 1128 498 fateor,
1143 455 1289 490 moribus
1305 455 1436 496 excolit,
1451 463 1549 500 auget

93 517 306 566 :ssgge'fssffiessflyj
335 527 366 552 et
393 527 489 563 aptat,
509 529 572 562 que
596 517 665 551 sine
690 517 808 552 virtute
832 515 915 550 foret
938 517 1022 550 iners
1047 525 1078 550 et
1101 514 1206 557 rudis;
1226 524 1261 549 ut
1279 515 1484 549 verissimum
1507 513 1550 548 sit

92 573 230 621 augmen„
251 571 306 591 ⁰¹¹¹·
335 577 504 611 oraculum
523 575 602 611 illud
622 576 751 611 Dantis:
773 586 842 610 esse
861 574 1064 609 nobilitatem
1084 574 1268 619 ubicunque
1287 574 1328 607 sit
1345 573 1465 614 virtus3
1484 572 1550 607 vir-

336 644 438 669 tutem
454 644 563 669 autem
587 634 773 679 ubicunque
791 635 831 668 sit
854 633 1004 668 nobilitas
1027 644 1096 667 non
1121 632 1243 673 adesse,
1263 632 1346 666 sicut
1364 631 1548 676 ubicunque

335 694 426 728 stella
457 693 551 728 fuerit
586 693 692 728 celum
717 702 765 728 est
772 706 782 735 ;
812 692 900 738 quod
923 701 1034 727 tamen
1066 692 1129 727 dici
1160 700 1299 736 nequeat
1329 702 1348 726 e
1377 700 1548 725 converso.

335 753 512 797 plurimum
536 753 658 787 etenim
682 752 741 787 celi
765 762 851 797 patet
875 751 930 786 ubi
953 763 1014 786 nec
1031 751 1134 786 sidera
1156 760 1233 785 sunt
1255 761 1316 785 nec
1338 749 1439 784 stelle.

93 817 258 865 ehffffibffgsg·
269 815 307 862 53}
405 810 507 851 Quod
524 811 612 845 enim
630 810 669 844 de
687 810 796 844 habitu
814 810 904 851 dicis,
920 809 1008 855 quod
1025 809 1066 844 sit
1082 809 1121 843 de
1137 808 1259 843 difficili
1275 807 1418 849 mobilis,
1433 818 1548 842 verum

93 871 307 924 {gigssffieogffissj
337 879 384 903 est
394 882 403 911 ;
419 870 526 903 omnis
544 878 653 903 tamen
674 868 800 903 habitus
816 878 864 903 est
881 868 1059 913 dispositio,
1107 867 1277 902 difficultas
1293 867 1380 901 enim
1400 874 1455 901 aut
1473 865 1549 901 faci·

94 930 117 946 ‘⁰
132 927 143 945 ὲ
158 925 307 952 ⁶³⁸P⁰⁵³¹³⁰M³
336 928 407 962 litas
437 929 628 963 remotionis
651 940 719 962 non
743 927 843 962 efficit
862 937 897 962 ut
919 927 1007 972 quod
1026 927 1136 961 transit
1159 927 1193 961 in
1213 926 1360 960 habitum
1380 924 1549 970 dispositio

94 999 120 1018 n*
134 997 155 1017 ¹-
172 996 279 1028 mnsssiore
294 1002 307 1016 ο
337 987 418 1021 desit
433 999 517 1030 esse;
533 989 611 1033 quin
628 988 738 1028 etiam,
754 989 781 1022 si
798 986 838 1021 de
857 986 1052 1021 naturalibus
1068 997 1176 1020 sermo
1193 986 1244 1026 sit,
1259 985 1314 1018 vix
1330 993 1438 1030 potest
1455 993 1549 1018 natu-

94 1026 175 1046 minore
194 1023 273 1044 faenum
288 1023 308 1043 di

95 1051 185 1072 manno
202 1057 272 1071 “¹²⁶¹
286 1050 308 1070 ³¹²
335 1046 409 1080 ralis
429 1045 597 1091 dispositio
618 1047 788 1080 removeri.
836 1045 876 1080 de
895 1045 1084 1080 voluntariis
1101 1054 1220 1086 autem,
1237 1044 1311 1078 licet
1330 1043 1390 1078 hec
1404 1042 1550 1088 potentia

96 1080 130 1100 cib
145 1078 298 1105 caugiamento,

95 1126 154 1141 come
174 1119 274 1139 aimo-ua
289 1117 309 1138 ι.
337 1105 435 1140 libera
453 1106 505 1146 sit,
525 1115 634 1140 tamen
655 1115 781 1140 rectum
801 1115 849 1139 est
869 1104 975 1139 dicere
993 1103 1083 1149 quod
1102 1103 1218 1138 durum
1238 1104 1280 1138 sit
1298 1111 1393 1148 atque
1409 1100 1550 1144 difficile,

95 1153 176 1167 somma
197 1147 310 1166 resistent·

96 1171 310 1222 egensiuzjfffnffl
336 1165 363 1198 si
387 1163 465 1209 quid
486 1164 579 1198 nobis
602 1165 678 1198 insit
701 1163 896 1206 naturaliter,
916 1174 1075 1208 superare.
1123 1161 1253 1196 difficile
1272 1160 1406 1206 quidem
1425 1169 1475 1195 est
1492 1171 1550 1194 na-

95 1228 117 1249 ¹·
125 1208 214 1255 imvm
227 1231 308 1247 mm..
338 1223 481 1257 turaliter
497 1223 713 1257 incontinenti
725 1232 865 1267 prestare
880 1222 1059 1256 castitatem
1078 1220 1128 1255 vel
1143 1231 1241 1254 avaro
1256 1219 1452 1265 largitatem;
1467 1219 1549 1260 imo,

339 1293 415 1316 cum
440 1282 541 1315 virtus
565 1281 607 1315 sit
630 1282 711 1315 circa
736 1281 876 1323 difficile,
897 1280 1145 1325 dispositionem
1168 1278 1348 1314 naturalem
1373 1278 1413 1312 ad
1434 1277 1549 1312 vitium

340 1349 464 1374 certum
489 1349 538 1374 est
560 1351 656 1385 posse
680 1339 808 1374 difficile
831 1339 1002 1374 removeri.
1050 1338 1138 1384 quod
1162 1338 1188 1372 si
1213 1337 1384 1382 dispositio
1409 1336 1491 1371 foret
1509 1334 1550 1370 de

339 1398 423 1433 facili
444 1398 585 1440 mobilis,
605 1411 666 1432 nec
685 1408 811 1433 tantum
828 1407 912 1433 esset
932 1397 1056 1432 virtutis
1075 1397 1227 1431 meritum
1243 1407 1304 1430 nec
1319 1394 1452 1430 haberet
1467 1394 1550 1429 cira

341 1456 473 1491 difficile
497 1455 760 1491 fundamentum.

99 1523 312 1572 dokgffffilssgge-
409 1514 595 1550 Concludas
619 1527 709 1561 erge,
726 1515 753 1549 si
776 1515 891 1559 placet,
906 1526 966 1548 nec
986 1514 1118 1548 ulterius
1134 1513 1290 1554 renitaris,
1306 1523 1369 1558 que
1393 1510 1551 1546 naturalia

99 1578 312 1626 {Liuor-riomen-
341 1583 417 1608 sunt
441 1574 594 1608 omnibus
618 1585 687 1608 esse
713 1573 901 1608 communia
924 1585 986 1607 nec
1009 1572 1201 1618 dignitatem
1222 1571 1379 1616 respicere
1402 1581 1462 1605 nec
1485 1569 1550 1604 for-

340 1642 454 1666 tunam
479 1642 510 1666 et
534 1642 602 1666 tam
626 1632 726 1667 servis
750 1643 849 1677 quam
873 1631 989 1673 liberis,
1013 1641 1078 1665 tam
1111 1629 1305 1676 pauperibus
1337 1639 1552 1678 quam-,opu-

341 1691 446 1732 lentis,
471 1701 538 1725 tam
562 1691 821 1725 dominatoribus
850 1702 950 1736 quam
981 1689 1133 1724 subiectis
1156 1700 1252 1734 posse
1277 1688 1466 1732 contingere
1489 1697 1551 1721 nec

342 1749 485 1784 abiectos
509 1759 659 1795 statuque
678 1750 853 1784 vilissimos
871 1760 1029 1784 recusare.
1076 1759 1187 1783 teneas
1203 1747 1302 1782 etiam
1321 1746 1470 1781 omnium
1485 1756 1550 1790 que

343 1808 495 1843 mortales
520 1810 646 1854 agimus
671 1808 820 1842 fomitem
841 1820 911 1842 esse
934 1817 1093 1848 naturam,
1117 1807 1172 1852 qui
1195 1806 1222 1841 si
1242 1805 1334 1847 desit,
1357 1805 1392 1839 in
1415 1804 1549 1839 inritum

343 1879 403 1903 nos
423 1869 532 1902 conari
552 1877 676 1902 certum
691 1877 750 1902 est.
797 1879 868 1909 nec,
885 1867 974 1912 quod
989 1866 1170 1912 principalis
1185 1875 1294 1900 nostra
1313 1863 1479 1899 contuitio
1493 1871 1555 1905 at,

343 1926 493 1961 inficieris
514 1926 697 1961 naturaliter
715 1938 818 1961 unum
836 1925 899 1960 alio
915 1925 1153 1970 dispositiorem
1169 1935 1239 1958 esse
1258 1933 1323 1958 tam
1341 1922 1381 1956 ad
1400 1922 1553 1957 virtutem

342 1997 440 2030 quam
460 1986 599 2030 optimas
623 1985 807 2030 passiones3
827 1984 967 2030 hincque
989 1994 1191 2028 consequens
1215 1994 1286 2017 esse
1305 1980 1552 2026 dispositionem

342 2045 437 2078 istam
456 2043 518 2077 dici
539 2043 752 2085 nobilitatem,
773 2053 868 2088 caput
887 2053 918 2077 et
941 2043 1098 2076 virtutum
1117 2042 1268 2076 omnium
1292 2039 1552 2074 fundamentum.

341 2102 457 2147 quibus
482 2102 598 2136 adicias
622 2103 719 2136 etiam
745 2102 844 2136 velim
867 2102 1020 2136 virtutem
1044 2101 1153 2135 solum
1181 2099 1236 2134 ubi
1258 2099 1353 2134 fuerit
1376 2098 1436 2133 bec
1460 2097 1552 2132 nobi·

341 2161 412 2195 litas
443 2162 585 2206 reperiri,
611 2161 749 2206 quanvis
775 2161 845 2194 sine
871 2159 1041 2195 virtutibus
1066 2159 1127 2194 hec
1150 2158 1318 2204 dispositio
1341 2156 1443 2202 possit
1469 2166 1551 2190 esse.

342 2231 402 2253 nec
425 2219 571 2254 habitum
597 2219 706 2254 credas
730 2230 797 2254 non
821 2230 891 2254 esse
911 2218 1169 2263 dispositionem,
1189 2228 1265 2251 cum
1285 2228 1322 2250 ea
1339 2214 1472 2261 quidem
1495 2224 1550 2248 nae

341 2278 482 2312 turaliter
500 2277 647 2312 habitum
667 2277 827 2322 precedat,
845 2277 994 2322 precedat
1013 2286 1045 2311 et
1065 2286 1192 2318 actum;
1210 2287 1270 2310 nec
1285 2275 1327 2309 sit
1346 2273 1472 2308 habitus
1490 2273 1554 2307 uisi

396 2382 432 2399 ιο.
449 2377 506 2400 Cod-
520 2376 624 2406 dispocio
677 2383 718 2405 ²4-
733 2377 790 2400 Cod.
805 2375 1003 2399 dominacionibns
1058 2382 1096 2404 ²7·
1112 2375 1168 2399 δοά-
1183 2376 1271 2397 onetoe
1281 2377 1340 2396 cen.
1353 2377 1387 2396 eu
1443 2378 1481 2402 31.
1492 2370 1551 2395 cod.

340 2416 372 2439 άὰ
388 2417 432 2439 due
446 2418 507 2439 volte
522 2417 589 2440 velim
