1696 2782
155 415 192 437 Mn
200 414 274 442 poiche
284 415 295 434 ὲ
308 420 342 441 ge-

129 442 198 462 nerale
212 441 343 462 consuetudi·

129 475 163 493 ue,
174 469 194 488 di
206 469 239 489 cui
250 468 312 488 mehe
323 468 342 487 le

128 502 184 516 acre
192 495 287 527 scrin-ure
295 494 343 514 deu-

128 529 161 569 21:²-
167 520 343 574 25⁵1⁸3¹r³3¹hss¹ss²125

130 582 187 599 vern,

130 1046 149 1066 ln
156 1047 174 1066 si
183 1050 287 1069 nument,
309 1052 333 1065 ur

129 1073 166 1093 che
177 1072 230 1093 colle
244 1072 286 1092 lodi
321 1077 342 1092 te

129 1099 168 1120 nne
177 1104 269 1120 creature
278 1099 295 1119 si
305 1099 342 1118 mi·

130 1127 147 1147 ri
169 1127 194 1146 nd
216 1132 303 1146 onor-re
327 1125 342 1145 il

132 1158 235 1177 creatum

131 1393 167 1414 che
181 1399 203 1413 se
217 1393 258 1413 Dio
275 1397 342 1412 stesso

130 1420 199 1447 elogia
217 1419 270 1439 nelle
287 1425 342 1439 uere

131 1452 184 1467 carte
198 1446 228 1473 gli
241 1446 328 1470 nomini,

132 1523 143 1541 ὲ
148 1520 215 1548 quest’
219 1520 294 1541 indizio
300 1519 342 1540 del-

130 1548 150 1568 Ιι
163 1554 199 1568 sua
218 1547 290 1571 boati,
306 1546 342 1566 che

132 1575 150 1595 ci
165 1574 185 1594 fn
195 1574 255 1601 degui
264 1574 284 1593 di
294 1573 341 1593 lude

130 1601 246 1622 lodandoci.

158 1800 264 1828 Singolnre
277 1804 343 1820 tutta-

116 1843 122 1847 .
132 1828 165 1848 vi.
174 1827 194 1847 ln
203 1827 250 1847 lode
258 1827 310 1847 fatu
318 1827 343 1847 da

132 1854 173 1874 Dio
182 1854 206 1874 nd
215 1854 313 1878 Abi-amo,
323 1854 344 1874 di

132 1881 165 1901 cui
179 1881 253 1901 deerca
262 1881 282 1901 la
291 1881 344 1907 spie-

133 1908 225 1934 guione,
268 1907 343 1928 distin-

161 1934 212 1954 endo
233 1934 344 1954 neu'nzion

132 1941 247 1981 &Abi-mo
267 1965 343 1988 quanto

133 1987 155 2007 fu
173 1987 251 2008 dovuto
269 1987 304 2008 211¹
312 1989 343 2008 in-

133 2013 195 2035 fluno
209 2014 280 2035 divino

337 1056 341 1060 ’
368 1046 450 1078 sicut
466 1044 573 1078 stellas
586 1043 655 1084 celi,
669 1053 700 1076 et
712 1043 831 1087 reliqua
846 1055 908 1087 que
927 1042 1086 1076 subnectit
1097 1043 1141 1076 (²).

375 286 436 319 114
790 278 1136 308 EPISTOLARIO

370 408 476 442 deberi
500 405 691 451 cognoveris
715 405 858 438 creatori.
904 404 961 437 sed
985 403 1191 437 admittamus
1211 404 1298 438 hunc
1317 404 1471 449 loquendi
1495 416 1564 439 mo-

369 466 459 506 dum,
474 476 573 509 quem
589 464 737 497 omnium
755 461 956 496 consuetudo
974 471 1004 495 et
1021 462 1119 495 etiam
1136 461 1316 496 divinarum
1335 463 1563 507 scripturarum

370 522 539 557 auctoritas
570 521 747 564 usurpavit3
780 521 814 553 in
844 519 958 564 quibus
989 519 1029 553 ad
1052 519 1181 553 laudem
1205 519 1377 554 hominum
1409 522 1564 566 reperitur

368 580 565 614 invidiosum
587 578 666 612 illud
690 578 848 612 canticum
873 577 1059 622 gratulantis
1074 577 1185 622 populi
1204 587 1364 612 concentu
1379 578 1564 624 vulgatum:

368 639 443 673 Saul
467 639 576 671 stravit
592 636 690 678 mille,
707 635 813 670 David
829 635 941 669 decem
962 635 1060 669 millia
1071 635 1124 677 (¹);
1144 645 1176 669 et
1197 636 1300 670 multa
1322 637 1418 670 simili
1441 638 1565 671 ratione

368 697 565 741 deprompta.
609 707 668 729 nec
683 694 789 728 solum
806 694 866 728 hec
876 694 1058 735 hominurn,
1074 705 1136 738 que
1147 706 1213 727 non
1224 693 1374 729 referenti
1393 695 1564 740 Scriptum,

367 754 424 789 sed
444 754 518 799 ipsis
538 752 724 787 hominibus
739 753 784 786 sic
805 751 1010 796 loquentibus
1026 752 1176 796 imputari
1193 751 1320 794 debent,
1337 753 1432 786 sacris
1447 753 1566 788 inserta

368 822 442 847 sunt
461 812 581 852 litteris,
594 811 650 845 sed
666 811 763 844 etiam
786 811 848 844 Dei
861 810 1047 844 testimonia
1065 809 1105 844 de
1120 810 1267 844 laudibus
1280 811 1463 851 hominum,
1482 812 1566 846 sicut

368 870 501 914 angelus
524 869 650 903 Abrahe
669 868 813 902 scribitur
831 868 985 902 retulisse.
1031 880 1088 912 per
1108 869 1336 913 memetipsum
1352 869 1466 910 iuravi,
1486 868 1563 903 dicit

368 929 542 968 Dominus,
566 928 640 972 quia
663 927 762 961 fecisti
786 938 855 960 rem
880 926 961 960 hanc
985 935 1018 960 et
1040 938 1108 960 non
1132 927 1299 971 pepercisti
1322 926 1390 961 filio
1413 937 1471 961 tuo
1492 929 1566 962 uni-

368 987 479 1030 genito
502 995 629 1030 propter
652 997 719 1019 me:
744 984 931 1018 benedicam
955 984 1067 1018 tibi'et
1090 984 1311 1029 multiplicabo
1331 996 1444 1019 semen
1468 994 1562 1020 tuum

1190 1042 1407 1084 admittamus,
1420 1043 1566 1088 inquam,

369 1102 455 1136 hunc
479 1101 631 1146 loquendi
654 1101 802 1141 modum,
825 1102 869 1134 ita
892 1110 1000 1134 tamen
1026 1100 1115 1145 quod
1145 1112 1282 1146 semper,
1313 1101 1392 1136 dum
1415 1101 1566 1136 homines

373 1160 517 1194 laudibus
537 1159 660 1192 afficere
686 1158 855 1199 credimus,
872 1159 947 1200 Dei,
965 1170 1032 1192 non
1052 1159 1225 1193 hominum
1244 1171 1341 1204 opera
1357 1171 1418 1194 nos
1435 1160 1565 1194 laudare

369 1218 403 1251 in
415 1217 575 1250 mentium
587 1225 768 1250 nostrarum
782 1215 996 1260 penetralibus
1012 1217 1199 1250 sentiamus.
1247 1228 1307 1250 nec
1326 1217 1366 1250 sit
1382 1216 1567 1252 blandiendi

368 1275 533 1319 gratieque
553 1273 707 1318 captande
725 1274 937 1318 propositum,
961 1273 1018 1308 sed
1036 1274 1144 1318 potius
1167 1274 1232 1308 sint
1249 1274 1370 1316 laudes,
1394 1284 1430 1309 ut
1447 1275 1568 1309 laudati

369 1332 492 1376 possint
504 1341 535 1366 et
546 1331 585 1365 ad
598 1331 730 1365 meliora
748 1343 782 1365 se
801 1343 997 1375 componere
1013 1331 1150 1366 debeant
1165 1332 1418 1367 monimentum.
1465 1345 1565 1378 quan-

369 1400 439 1424 tum
452 1399 559 1423 autem
573 1390 613 1423 ad
632 1389 831 1423 laudationes
846 1391 968 1431 attinet,
989 1390 1045 1423 alia
1063 1391 1144 1424 ratio
1161 1400 1209 1424 est
1227 1393 1377 1425 creatoris
1397 1392 1459 1426 Dei
1473 1403 1566 1426 suam

370 1457 544 1482 creaturam
567 1447 712 1482 laudibus
732 1447 925 1489 extollentis,
940 1449 1006 1492 qui,
1033 1449 1115 1482 sicut
1141 1460 1199 1493 pro
1219 1448 1313 1483 bonis
1335 1461 1398 1494 que
1417 1448 1492 1484 facit
1509 1461 1567 1495 per

369 1518 428 1540 nos
445 1515 476 1539 et
491 1506 525 1539 in
544 1505 636 1539 nobis
656 1517 716 1539 nos
735 1507 832 1550 gratis
848 1507 984 1540 omnino
1003 1517 1197 1548 remunerat,
1215 1507 1260 1540 sic
1280 1507 1320 1541 de
1339 1519 1395 1541 sue
1415 1508 1566 1543 bonitatis

369 1573 400 1597 et
422 1565 565 1608 potentie
589 1563 744 1597 infinitate
771 1563 926 1608 procedit,
953 1564 1041 1608 quod
1071 1576 1131 1598 nos
1161 1564 1434 1599 commendabiles
1461 1565 1567 1604 faciat,

370 1621 448 1656 dum
472 1621 697 1663 commendat3
721 1630 753 1655 et
776 1622 837 1655 alia
855 1631 903 1656 est
924 1622 1106 1663 hominum,
1126 1623 1180 1667 qui
1207 1624 1291 1657 sicut
1311 1622 1481 1657 iustificare
1505 1634 1567 1657 nos

369 1691 436 1713 non
456 1688 600 1724 possunt,
619 1680 663 1713 sic
681 1692 740 1714 nec
759 1679 932 1714 laudabiles
950 1679 1054 1714 facere
1073 1693 1134 1715 nec
1152 1681 1383 1715 rationabiliter
1398 1692 1566 1716 commen-

370 1737 454 1772 dare.
501 1746 532 1771 et
561 1749 601 1771 eo
620 1738 760 1771 maxime
785 1739 870 1782 quia,
887 1749 962 1772 cum
982 1739 1071 1772 Deus
1096 1747 1129 1772 et
1154 1739 1232 1773 sciat
1251 1748 1283 1773 et
1301 1738 1397 1773 faciat
1417 1751 1472 1783 cur
1497 1739 1566 1774 lau-

371 1795 493 1836 demur,
517 1795 665 1830 homines
689 1795 721 1829 id
746 1808 806 1830 nec
831 1806 966 1840 possunt
995 1795 1099 1830 facere
1129 1808 1190 1831 nec
1214 1797 1304 1831 scire.
1351 1797 1434 1831 mira
1456 1806 1566 1832 tamen

371 1854 433 1887 Dei
455 1853 523 1887 laus
545 1854 604 1888 fuit
627 1866 725 1899 quam
753 1854 882 1888 Abrahe
906 1854 993 1889 dedit
1023 1865 1055 1889 et
1081 1866 1157 1889 vera
1187 1854 1326 1890 formula
1355 1855 1566 1891 collaudandi.

370 1913 443 1956 quia
462 1912 562 1945 fecisti
581 1923 649 1945 rem
665 1912 758 1953 hanc,
777 1914 889 1958 inquit,
909 1922 941 1947 et
959 1925 1028 1948 non
1046 1913 1215 1958 pepercisti
1233 1913 1301 1947 filio
1318 1922 1375 1948 tuo
1394 1914 1566 1959 unigenito

371 1978 498 2014 propter
522 1982 584 2004 me.
631 1970 733 2004 facere
752 1970 883 2015 quidem
909 1971 1028 2016 aliquid
1047 1971 1194 2013 dicimur,
1219 1983 1295 2006 curn
1317 1973 1408 2006 Deus
1426 1983 1483 2017 per
1504 1983 1565 2006 nos

371 2027 487 2072 aliquid
510 2037 672 2073 operatur;
695 2030 749 2073 qui
769 2029 912 2074 quidem,
929 2041 1004 2064 cum
1023 2031 1173 2064 omnium
1192 2030 1352 2064 bonorum
1369 2039 1481 2065 auctor
1499 2031 1566 2065 exi—

369 2094 439 2125 stat,
453 2097 590 2130 cumque
605 2086 736 2131 quilibet
748 2096 836 2121 actus
849 2087 970 2132 aliquid
981 2099 1038 2122 ens
1050 2088 1090 2122 sit
1105 2097 1138 2122 et
1148 2099 1204 2133 per
1215 2099 1416 2133 consequens
1429 2088 1565 2129 bonum,

370 2152 456 2177 actus
483 2143 535 2177 ille
562 2144 623 2178 Dei
647 2154 678 2178 et
697 2145 798 2189 prime
826 2156 932 2186 cause,
961 2157 1025 2190 que
1049 2146 1147 2191 longe
1171 2146 1242 2191 plus
1266 2146 1373 2181 influit
1394 2157 1493 2192 quam
1514 2158 1566 2180 se-

370 2201 484 2242 cunda,
508 2201 568 2235 dici
591 2202 685 2236 debet
708 2203 791 2237 actio
815 2212 847 2238 et
869 2215 938 2238 non
961 2213 1081 2245 nostra,
1105 2204 1167 2238 nisi
1190 2205 1273 2238 forte
1296 2204 1502 2239 tribuendum
1522 2205 1564 2238 sit

369 2259 494 2293 artificis
514 2260 674 2302 manibus,
692 2273 759 2295 non
771 2262 878 2306 potius
893 2262 1067 2296 intellectui
1083 2271 1115 2296 et
1130 2263 1201 2304 arti,
1216 2262 1306 2307 quod
1320 2263 1423 2308 pictor
1440 2263 1564 2307 optime

424 2361 457 2378 12.
472 2355 528 2379 Cod.
542 2355 672 2379 omittamus
741 2358 775 2380 18.
791 2358 847 2381 Cod.
861 2357 900 2380 illa

404 2440 446 2475 (x)
465 2442 475 2467 Ι
496 2443 552 2478 Reg.
565 2443 664 2476 XVIII,
683 2451 708 2478 7.
1020 2446 1063 2481 (2)
1083 2446 1169 2473 Gencs.
1189 2445 1275 2479 xxn,
1298 2453 1391 2480 15-17.

1596 944 1636 968 10

1596 1230 1634 1264 15

1594 1519 1637 1543 20

1593 1809 1636 1844 25

1593 2095 1636 2128 30
