<?xml version="1.0" encoding="UTF-8"?>
<!DOCTYPE html PUBLIC "-//W3C//DTD XHTML 1.0 Transitional//EN"
    "http://www.w3.org/TR/xhtml1/DTD/xhtml1-transitional.dtd">
<html xmlns="http://www.w3.org/1999/xhtml" xml:lang="en" lang="en">
 <head>
  <title>
</title>
<meta http-equiv="Content-Type" content="text/html;charset=utf-8" />
  <meta name='ocr-system' content='tesseract 3.04.00' />
  <meta name='ocr-capabilities' content='ocr_page ocr_carea ocr_par ocr_line ocrx_word'/>
</head>
<body>
  <div class='ocr_page' id='page_1' title='image "./epistolariodicol17saluuoft_0141.png"; bbox 0 0 1696 2782; ppageno 0'>
   <div class='ocr_carea' id='block_1_1' title="bbox 0 737 32 2782">
    <p class='ocr_par' dir='ltr' id='par_1_1' title="bbox 0 737 32 2782">
     <span class='ocr_line' id='line_1_1' title="bbox 0 737 32 2782; baseline 0 0"><span class='ocrx_word' id='word_1_1' title='bbox 0 737 32 2782; x_wconf 95' lang='lat' dir='ltr'> </span> 
     </span>
    </p>
   </div>
   <div class='ocr_carea' id='block_1_2' title="bbox 429 291 1063 320">
    <p class='ocr_par' dir='ltr' id='par_1_2' title="bbox 429 291 1063 320">
     <span class='ocr_line' id='line_1_2' title="bbox 429 291 1063 320; baseline -0.002 -1"><span class='ocrx_word' id='word_1_2' title='bbox 429 292 476 319; x_wconf 84' lang='lat' dir='ltr'>DI</span> <span class='ocrx_word' id='word_1_3' title='bbox 508 291 770 320; x_wconf 90' lang='lat' dir='ltr'>COLUCClO</span> <span class='ocrx_word' id='word_1_4' title='bbox 797 291 1063 320; x_wconf 82' lang='lat' dir='ltr'>SALUTATI.</span> 
     </span>
    </p>
   </div>
   <div class='ocr_carea' id='block_1_3' title="bbox 1285 291 1345 325">
    <p class='ocr_par' dir='ltr' id='par_1_3' title="bbox 1285 291 1345 325">
     <span class='ocr_line' id='line_1_3' title="bbox 1285 291 1345 325; baseline 0 -10"><span class='ocrx_word' id='word_1_5' title='bbox 1285 291 1345 325; x_wconf 91' lang='lat'>127</span> 
     </span>
    </p>
   </div>
   <div class='ocr_carea' id='block_1_4' title="bbox 1155 356 1346 361">
    <p class='ocr_par' dir='ltr' id='par_1_4' title="bbox 1155 356 1346 361">
     <span class='ocr_line' id='line_1_4' title="bbox 1155 356 1346 361; baseline 0 0"><span class='ocrx_word' id='word_1_6' title='bbox 1155 356 1346 361; x_wconf 95' lang='lat' dir='ltr'> </span> 
     </span>
    </p>
   </div>
   <div class='ocr_carea' id='block_1_5' title="bbox 146 416 1347 1096">
    <p class='ocr_par' dir='ltr' id='par_1_5' title="bbox 146 416 1347 1096">
     <span class='ocr_line' id='line_1_5' title="bbox 149 416 1346 462; baseline -0.001 -12"><span class='ocrx_word' id='word_1_7' title='bbox 149 417 270 450; x_wconf 82' lang='lat' dir='ltr'>tissime</span> <span class='ocrx_word' id='word_1_8' title='bbox 292 416 356 462; x_wconf 88' lang='lat' dir='ltr'>legi</span> <span class='ocrx_word' id='word_1_9' title='bbox 371 426 402 450; x_wconf 82' lang='lat' dir='ltr'>et</span> <span class='ocrx_word' id='word_1_10' title='bbox 424 417 552 451; x_wconf 89' lang='lat' dir='ltr'>intuens</span> <span class='ocrx_word' id='word_1_11' title='bbox 571 417 669 451; x_wconf 86' lang='lat' dir='ltr'>fidem</span> <span class='ocrx_word' id='word_1_12' title='bbox 690 427 721 451; x_wconf 89' lang='lat' dir='ltr'>et</span> <span class='ocrx_word' id='word_1_13' title='bbox 745 417 949 452; x_wconf 89' lang='lat' dir='ltr'>dilectionem</span> <span class='ocrx_word' id='word_1_14' title='bbox 962 426 1061 458; x_wconf 86' lang='lat' dir='ltr'>tuam,</span> <span class='ocrx_word' id='word_1_15' title='bbox 1079 416 1141 450; x_wconf 86' lang='lat' dir='ltr'>dici</span> <span class='ocrx_word' id='word_1_16' title='bbox 1160 428 1227 456; x_wconf 84' lang='lat' dir='ltr'>non</span> <span class='ocrx_word' id='word_1_17' title='bbox 1241 425 1346 460; x_wconf 89' lang='lat' dir='ltr'>potest</span> 
     </span>
     <span class='ocr_line' id='line_1_6' title="bbox 149 474 1347 519; baseline 0 -11"><span class='ocrx_word' id='word_1_18' title='bbox 149 484 266 519; x_wconf 88' lang='lat' dir='ltr'>quanta</span> <span class='ocrx_word' id='word_1_19' title='bbox 278 474 392 508; x_wconf 87' lang='lat' dir='ltr'>fuerim</span> <span class='ocrx_word' id='word_1_20' title='bbox 405 475 563 509; x_wconf 79' lang='lat' dir='ltr'>alacritate</span> <span class='ocrx_word' id='word_1_21' title='bbox 574 475 728 519; x_wconf 83' lang='lat' dir='ltr'>perfusus.</span> <span class='ocrx_word' id='word_1_22' title='bbox 776 488 863 516; x_wconf 87' lang='lat' dir='ltr'>nam,</span> <span class='ocrx_word' id='word_1_23' title='bbox 888 487 962 509; x_wconf 90' lang='lat' dir='ltr'>cum</span> <span class='ocrx_word' id='word_1_24' title='bbox 979 474 1200 509; x_wconf 86' lang='lat' dir='ltr'>iocundissimi</span> <span class='ocrx_word' id='word_1_25' title='bbox 1219 486 1347 518; x_wconf 85' lang='lat' dir='ltr'>semper</span> 
     </span>
     <span class='ocr_line' id='line_1_7' title="bbox 149 532 1343 574; baseline 0 -8"><span class='ocrx_word' id='word_1_26' title='bbox 149 533 244 566; x_wconf 89' lang='lat' dir='ltr'>amici</span> <span class='ocrx_word' id='word_1_27' title='bbox 275 533 350 574; x_wconf 89' lang='lat' dir='ltr'>sint,</span> <span class='ocrx_word' id='word_1_28' title='bbox 381 533 412 566; x_wconf 91' lang='lat' dir='ltr'>in</span> <span class='ocrx_word' id='word_1_29' title='bbox 437 533 692 567; x_wconf 87' lang='lat' dir='ltr'>tribulationibus</span> <span class='ocrx_word' id='word_1_30' title='bbox 722 544 796 568; x_wconf 88' lang='lat' dir='ltr'>sunt</span> <span class='ocrx_word' id='word_1_31' title='bbox 820 546 893 568; x_wconf 88' lang='lat' dir='ltr'>cum</span> <span class='ocrx_word' id='word_1_32' title='bbox 918 534 1088 567; x_wconf 85' lang='lat' dir='ltr'>necessarii</span> <span class='ocrx_word' id='word_1_33' title='bbox 1110 542 1180 567; x_wconf 88' lang='lat' dir='ltr'>tum</span> <span class='ocrx_word' id='word_1_34' title='bbox 1204 532 1343 567; x_wconf 91' lang='lat' dir='ltr'>iocundi.</span> 
     </span>
     <span class='ocr_line' id='line_1_8' title="bbox 149 590 1345 635; baseline -0.001 -10"><span class='ocrx_word' id='word_1_35' title='bbox 149 591 217 625; x_wconf 69' lang='lat' dir='ltr'>‘scio</span> <span class='ocrx_word' id='word_1_36' title='bbox 239 590 327 635; x_wconf 92' lang='lat' dir='ltr'>quod</span> <span class='ocrx_word' id='word_1_37' title='bbox 347 592 436 624; x_wconf 88' lang='lat' dir='ltr'>Deus</span> <span class='ocrx_word' id='word_1_38' title='bbox 456 591 584 625; x_wconf 89' lang='lat' dir='ltr'>abstulit</span> <span class='ocrx_word' id='word_1_39' title='bbox 595 592 693 626; x_wconf 86' lang='lat' dir='ltr'>michi</span> <span class='ocrx_word' id='word_1_40' title='bbox 716 593 836 626; x_wconf 85' lang='lat' dir='ltr'>sociam</span> <span class='ocrx_word' id='word_1_41' title='bbox 854 603 960 626; x_wconf 87' lang='lat' dir='ltr'>rerum</span> <span class='ocrx_word' id='word_1_42' title='bbox 980 591 1162 625; x_wconf 88' lang='lat' dir='ltr'>divinarum</span> <span class='ocrx_word' id='word_1_43' title='bbox 1181 599 1213 624; x_wconf 89' lang='lat' dir='ltr'>et</span> <span class='ocrx_word' id='word_1_44' title='bbox 1231 591 1345 624; x_wconf 89' lang='lat' dir='ltr'>huma·</span> 
     </span>
     <span class='ocr_line' id='line_1_9' title="bbox 148 649 1343 694; baseline 0.001 -12"><span class='ocrx_word' id='word_1_45' title='bbox 148 659 275 690; x_wconf 86' lang='lat' dir='ltr'>narum,</span> <span class='ocrx_word' id='word_1_46' title='bbox 290 649 407 683; x_wconf 90' lang='lat' dir='ltr'>domus</span> <span class='ocrx_word' id='word_1_47' title='bbox 419 650 564 694; x_wconf 88' lang='lat' dir='ltr'>regimen</span> <span class='ocrx_word' id='word_1_48' title='bbox 580 659 613 683; x_wconf 88' lang='lat' dir='ltr'>et</span> <span class='ocrx_word' id='word_1_49' title='bbox 630 659 679 684; x_wconf 92' lang='lat' dir='ltr'>tot</span> <span class='ocrx_word' id='word_1_50' title='bbox 701 650 842 685; x_wconf 87' lang='lat' dir='ltr'>filiorum</span> <span class='ocrx_word' id='word_1_51' title='bbox 867 650 1017 684; x_wconf 87' lang='lat' dir='ltr'>columen</span> <span class='ocrx_word' id='word_1_52' title='bbox 1042 659 1074 684; x_wconf 90' lang='lat' dir='ltr'>et</span> <span class='ocrx_word' id='word_1_53' title='bbox 1089 649 1343 694; x_wconf 86' lang='lat' dir='ltr'>gubernatricem</span> 
     </span>
     <span class='ocr_line' id='line_1_10' title="bbox 147 707 1344 752; baseline -0.002 -10"><span class='ocrx_word' id='word_1_54' title='bbox 147 716 181 742; x_wconf 87' lang='lat' dir='ltr'>et</span> <span class='ocrx_word' id='word_1_55' title='bbox 215 707 364 741; x_wconf 89' lang='lat' dir='ltr'>omnium</span> <span class='ocrx_word' id='word_1_56' title='bbox 397 719 544 742; x_wconf 88' lang='lat' dir='ltr'>curarum</span> <span class='ocrx_word' id='word_1_57' title='bbox 579 719 724 742; x_wconf 88' lang='lat' dir='ltr'>mearum</span> <span class='ocrx_word' id='word_1_58' title='bbox 755 707 851 742; x_wconf 87' lang='lat' dir='ltr'>fidele</span> <span class='ocrx_word' id='word_1_59' title='bbox 878 708 1160 752; x_wconf 87' lang='lat' dir='ltr'>gratissimumque</span> <span class='ocrx_word' id='word_1_60' title='bbox 1183 708 1344 741; x_wconf 88' lang='lat' dir='ltr'>levamen.</span> 
     </span>
     <span class='ocr_line' id='line_1_11' title="bbox 147 762 1345 810; baseline -0.001 -11"><span class='ocrx_word' id='word_1_61' title='bbox 147 764 204 799; x_wconf 80' lang='lat' dir='ltr'>sed</span> <span class='ocrx_word' id='word_1_62' title='bbox 221 762 459 810; x_wconf 47' lang='lat' dir='ltr'>qnis&#39;s‘umfut</span> <span class='ocrx_word' id='word_1_63' title='bbox 482 765 619 800; x_wconf 85' lang='lat' dir='ltr'>audeam</span> <span class='ocrx_word' id='word_1_64' title='bbox 642 775 753 800; x_wconf 89' lang='lat' dir='ltr'>contra</span> <span class='ocrx_word' id='word_1_65' title='bbox 775 765 920 800; x_wconf 86' lang='lat' dir='ltr'>datorem</span> <span class='ocrx_word' id='word_1_66' title='bbox 936 775 1095 799; x_wconf 86' lang='lat' dir='ltr'>tantarum</span> <span class='ocrx_word' id='word_1_67' title='bbox 1114 777 1231 807; x_wconf 87' lang='lat' dir='ltr'>rerum,</span> <span class='ocrx_word' id='word_1_68' title='bbox 1251 766 1277 798; x_wconf 90' lang='lat' dir='ltr'>si</span> <span class='ocrx_word' id='word_1_69' title='bbox 1293 765 1345 798; x_wconf 92' lang='lat' dir='ltr'>vel</span> 
     </span>
     <span class='ocr_line' id='line_1_12' title="bbox 147 823 1344 868; baseline 0 -12"><span class='ocrx_word' id='word_1_70' title='bbox 147 833 247 857; x_wconf 83' lang='lat' dir='ltr'>unam</span> <span class='ocrx_word' id='word_1_71' title='bbox 269 823 322 857; x_wconf 83' lang='lat' dir='ltr'>vel</span> <span class='ocrx_word' id='word_1_72' title='bbox 345 834 460 857; x_wconf 87' lang='lat' dir='ltr'>omnes</span> <span class='ocrx_word' id='word_1_73' title='bbox 479 833 619 865; x_wconf 89' lang='lat' dir='ltr'>revocet,</span> <span class='ocrx_word' id='word_1_74' title='bbox 635 823 856 858; x_wconf 83' lang='lat' dir='ltr'>murmurare?</span> <span class='ocrx_word' id='word_1_75' title='bbox 902 824 1002 868; x_wconf 82' lang='lat' dir='ltr'>gratia</span> <span class='ocrx_word' id='word_1_76' title='bbox 1017 823 1115 868; x_wconf 90' lang='lat' dir='ltr'>igitur</span> <span class='ocrx_word' id='word_1_77' title='bbox 1138 823 1263 863; x_wconf 86' lang='lat' dir='ltr'>eadem,</span> <span class='ocrx_word' id='word_1_78' title='bbox 1281 835 1344 867; x_wconf 90' lang='lat' dir='ltr'>que</span> 
     </span>
     <span class='ocr_line' id='line_1_13' title="bbox 148 880 1345 926; baseline -0.001 -11"><span class='ocrx_word' id='word_1_79' title='bbox 148 891 203 915; x_wconf 86' lang='lat' dir='ltr'>me</span> <span class='ocrx_word' id='word_1_80' title='bbox 225 881 378 922; x_wconf 83' lang='lat' dir='ltr'>visitavit,</span> <span class='ocrx_word' id='word_1_81' title='bbox 401 881 482 915; x_wconf 91' lang='lat' dir='ltr'>adeo</span> <span class='ocrx_word' id='word_1_82' title='bbox 517 893 570 916; x_wconf 90' lang='lat' dir='ltr'>me</span> <span class='ocrx_word' id='word_1_83' title='bbox 601 882 665 915; x_wconf 91' lang='lat' dir='ltr'>mei</span> <span class='ocrx_word' id='word_1_84' title='bbox 699 891 887 926; x_wconf 85' lang='lat' dir='ltr'>compotem</span> <span class='ocrx_word' id='word_1_85' title='bbox 917 880 1003 922; x_wconf 89' lang='lat' dir='ltr'>fecit,</span> <span class='ocrx_word' id='word_1_86' title='bbox 1026 882 1071 914; x_wconf 90' lang='lat' dir='ltr'>sic</span> <span class='ocrx_word' id='word_1_87' title='bbox 1103 893 1155 915; x_wconf 85' lang='lat' dir='ltr'>me</span> <span class='ocrx_word' id='word_1_88' title='bbox 1188 881 1345 924; x_wconf 89' lang='lat' dir='ltr'>disposuit</span> 
     </span>
     <span class='ocr_line' id='line_1_14' title="bbox 147 938 1344 984; baseline 0 -12"><span class='ocrx_word' id='word_1_89' title='bbox 147 938 258 984; x_wconf 78' lang='lat' dir='ltr'>sieque</span> <span class='ocrx_word' id='word_1_90' title='bbox 280 938 430 981; x_wconf 86' lang='lat' dir='ltr'>firmavit,</span> <span class='ocrx_word' id='word_1_91' title='bbox 454 939 542 984; x_wconf 91' lang='lat' dir='ltr'>quod</span> <span class='ocrx_word' id='word_1_92' title='bbox 561 949 633 984; x_wconf 89' lang='lat' dir='ltr'>post</span> <span class='ocrx_word' id='word_1_93' title='bbox 657 940 807 974; x_wconf 88' lang='lat' dir='ltr'>ultimum</span> <span class='ocrx_word' id='word_1_94' title='bbox 829 940 926 981; x_wconf 90' lang='lat' dir='ltr'>illius,</span> <span class='ocrx_word' id='word_1_95' title='bbox 949 951 1016 974; x_wconf 89' lang='lat' dir='ltr'>non</span> <span class='ocrx_word' id='word_1_96' title='bbox 1041 939 1193 980; x_wconf 87' lang='lat' dir='ltr'>mulieris,</span> <span class='ocrx_word' id='word_1_97' title='bbox 1217 939 1273 973; x_wconf 92' lang='lat' dir='ltr'>sed</span> <span class='ocrx_word' id='word_1_98' title='bbox 1296 939 1344 972; x_wconf 89' lang='lat' dir='ltr'>vi-</span> 
     </span>
     <span class='ocr_line' id='line_1_15' title="bbox 146 997 1344 1042; baseline 0 -12"><span class='ocrx_word' id='word_1_99' title='bbox 146 997 266 1041; x_wconf 82' lang='lat' dir='ltr'>raginis</span> <span class='ocrx_word' id='word_1_100' title='bbox 287 997 434 1040; x_wconf 85' lang='lat' dir='ltr'>spiritum</span> <span class='ocrx_word' id='word_1_101' title='bbox 456 997 523 1031; x_wconf 85' lang='lat' dir='ltr'>sive</span> <span class='ocrx_word' id='word_1_102' title='bbox 554 998 735 1042; x_wconf 87' lang='lat' dir='ltr'>suspirium,</span> <span class='ocrx_word' id='word_1_103' title='bbox 760 1010 821 1032; x_wconf 87' lang='lat' dir='ltr'>nec</span> <span class='ocrx_word' id='word_1_104' title='bbox 845 998 983 1032; x_wconf 88' lang='lat' dir='ltr'>lacrimis</span> <span class='ocrx_word' id='word_1_105' title='bbox 1013 997 1205 1038; x_wconf 84' lang='lat' dir='ltr'>maduerim,</span> <span class='ocrx_word' id='word_1_106' title='bbox 1228 997 1344 1042; x_wconf 89' lang='lat' dir='ltr'>quibus</span> 
     </span>
     <span class='ocr_line' id='line_1_16' title="bbox 147 1050 1343 1096; baseline 0 -12"><span class='ocrx_word' id='word_1_107' title='bbox 147 1050 226 1085; x_wconf 87' lang='lat' dir='ltr'>dum</span> <span class='ocrx_word' id='word_1_108' title='bbox 250 1050 464 1085; x_wconf 85' lang='lat' dir='ltr'>infirmaretur</span> <span class='ocrx_word' id='word_1_109' title='bbox 494 1050 692 1093; x_wconf 83' lang='lat' dir='ltr'>effluxeram,</span> <span class='ocrx_word' id='word_1_110' title='bbox 724 1063 829 1096; x_wconf 88' lang='lat' dir='ltr'>neque</span> <span class='ocrx_word' id='word_1_111' title='bbox 861 1051 969 1096; x_wconf 82' lang='lat' dir='ltr'>aliquo</span> <span class='ocrx_word' id='word_1_112' title='bbox 989 1052 1106 1085; x_wconf 87' lang='lat' dir='ltr'>mentis</span> <span class='ocrx_word' id='word_1_113' title='bbox 1130 1050 1242 1084; x_wconf 88' lang='lat' dir='ltr'>dolore</span> <span class='ocrx_word' id='word_1_114' title='bbox 1266 1061 1343 1084; x_wconf 91' lang='lat' dir='ltr'>con·</span> 
     </span>
    </p>
   </div>
   <div class='ocr_carea' id='block_1_6' title="bbox 200 1120 1345 1162">
    <p class='ocr_par' dir='ltr' id='par_1_6' title="bbox 200 1120 1345 1162">
     <span class='ocr_line' id='line_1_17' title="bbox 200 1120 1345 1162; baseline 0 -10"><span class='ocrx_word' id='word_1_115' title='bbox 200 1138 226 1158; x_wconf 78' lang='lat'>4.</span> <span class='ocrx_word' id='word_1_116' title='bbox 243 1129 275 1152; x_wconf 70' lang='lat' dir='ltr'>w</span> <span class='ocrx_word' id='word_1_117' title='bbox 291 1130 358 1154; x_wconf 65' lang='lat' dir='ltr'>michi</span> <span class='ocrx_word' id='word_1_118' title='bbox 371 1131 428 1154; x_wconf 53' lang='lat' dir='ltr'>aba</span> <span class='ocrx_word' id='word_1_119' title='bbox 731 1138 764 1154; x_wconf 81' lang='grc' dir='ltr'>ιι.</span> <span class='ocrx_word' id='word_1_120' title='bbox 779 1132 835 1162; x_wconf 72' lang='lat' dir='ltr'>nec]</span> <span class='ocrx_word' id='word_1_121' title='bbox 849 1130 879 1154; x_wconf 84' lang='lat' dir='ltr'>R¹</span> <span class='ocrx_word' id='word_1_122' title='bbox 896 1131 927 1153; x_wconf 78' lang='lat' dir='ltr'>nn</span> <span class='ocrx_word' id='word_1_123' title='bbox 941 1137 954 1154; x_wconf 79' lang='lat' dir='ltr'>e</span> <span class='ocrx_word' id='word_1_124' title='bbox 966 1137 1010 1160; x_wconf 75' lang='lat' dir='ltr'>per</span> <span class='ocrx_word' id='word_1_125' title='bbox 1024 1131 1147 1154; x_wconf 57' lang='lat' dir='ltr'>manaim</span> <span class='ocrx_word' id='word_1_126' title='bbox 1161 1130 1192 1153; x_wconf 63' lang='lat' dir='ltr'>aa</span> <span class='ocrx_word' id='word_1_127' title='bbox 1207 1120 1345 1153; x_wconf 55' lang='lat' dir='ltr'>innuerim</span> 
     </span>
    </p>
   </div>
   <div class='ocr_carea' id='block_1_7' title="bbox 149 1169 367 1193">
    <p class='ocr_par' dir='ltr' id='par_1_7' title="bbox 149 1169 367 1193">
     <span class='ocr_line' id='line_1_18' title="bbox 149 1169 367 1193; baseline 0 0"><span class='ocrx_word' id='word_1_128' title='bbox 149 1176 182 1193; x_wconf 78' lang='lat' dir='ltr'>ia.</span> <span class='ocrx_word' id='word_1_129' title='bbox 199 1169 231 1192; x_wconf 69' lang='lat' dir='ltr'>R‘</span> <span class='ocrx_word' id='word_1_130' title='bbox 245 1170 367 1193; x_wconf 71' lang='lat' dir='ltr'>effluxu-im</span> 
     </span>
    </p>
   </div>
   <div class='ocr_carea' id='block_1_8' title="bbox 495 1130 661 1161">
    <p class='ocr_par' dir='ltr' id='par_1_8' title="bbox 495 1130 661 1161">
     <span class='ocr_line' id='line_1_19' title="bbox 495 1130 661 1161; baseline 0 -7"><span class='ocrx_word' id='word_1_131' title='bbox 495 1139 518 1161; x_wconf 85' lang='lat'>9.</span> <span class='ocrx_word' id='word_1_132' title='bbox 534 1130 568 1154; x_wconf 83' lang='lat' dir='ltr'>N¹</span> <span class='ocrx_word' id='word_1_133' title='bbox 583 1131 661 1161; x_wconf 69' lang='lat' dir='ltr'>nicque</span> 
     </span>
    </p>
   </div>
   <div class='ocr_carea' id='block_1_9' title="bbox 146 1231 723 1303">
    <p class='ocr_par' dir='ltr' id='par_1_9' title="bbox 146 1231 723 1303">
     <span class='ocr_line' id='line_1_20' title="bbox 146 1231 723 1269; baseline 0.002 -10"><span class='ocrx_word' id='word_1_134' title='bbox 146 1231 218 1259; x_wconf 86' lang='lat' dir='ltr'>delle</span> <span class='ocrx_word' id='word_1_135' title='bbox 227 1232 334 1260; x_wconf 85' lang='lat' dir='ltr'>decime</span> <span class='ocrx_word' id='word_1_136' title='bbox 340 1233 368 1259; x_wconf 89' lang='lat' dir='ltr'>di</span> <span class='ocrx_word' id='word_1_137' title='bbox 377 1232 533 1269; x_wconf 83' lang='lat' dir='ltr'>quell&#39;anno</span> <span class='ocrx_word' id='word_1_138' title='bbox 543 1241 642 1269; x_wconf 79' lang='lat' dir='ltr'>appare</span> <span class='ocrx_word' id='word_1_139' title='bbox 652 1233 723 1269; x_wconf 83' lang='lat' dir='ltr'>regi-</span> 
     </span>
     <span class='ocr_line' id='line_1_21' title="bbox 146 1275 722 1303; baseline 0.002 -1"><span class='ocrx_word' id='word_1_140' title='bbox 146 1281 231 1302; x_wconf 72' lang='lat' dir='ltr'>stratn</span> <span class='ocrx_word' id='word_1_141' title='bbox 239 1275 257 1302; x_wconf 89' lang='lat' dir='ltr'>il</span> <span class='ocrx_word' id='word_1_142' title='bbox 265 1283 316 1303; x_wconf 76' lang='lat' dir='ltr'>suo</span> <span class='ocrx_word' id='word_1_143' title='bbox 323 1283 414 1303; x_wconf 89' lang='lat' dir='ltr'>nome.</span> <span class='ocrx_word' id='word_1_144' title='bbox 443 1275 516 1303; x_wconf 87' lang='lat' dir='ltr'>Ebbe</span> <span class='ocrx_word' id='word_1_145' title='bbox 524 1276 610 1303; x_wconf 77' lang='lat' dir='ltr'>coetui</span> <span class='ocrx_word' id='word_1_146' title='bbox 617 1282 657 1303; x_wconf 86' lang='lat' dir='ltr'>tre</span> <span class='ocrx_word' id='word_1_147' title='bbox 667 1284 722 1303; x_wconf 81' lang='lat' dir='ltr'>ma-</span> 
     </span>
    </p>
   </div>
   <div class='ocr_carea' id='block_1_10' title="bbox 767 1233 1346 1310">
    <p class='ocr_par' dir='ltr' id='par_1_10' title="bbox 767 1233 1346 1310">
     <span class='ocr_line' id='line_1_22' title="bbox 767 1233 1346 1269; baseline -0.002 -9"><span class='ocrx_word' id='word_1_148' title='bbox 767 1239 862 1269; x_wconf 77' lang='lat' dir='ltr'>questa</span> <span class='ocrx_word' id='word_1_149' title='bbox 873 1234 1022 1260; x_wconf 79' lang='lat' dir='ltr'>cerimonia</span> <span class='ocrx_word' id='word_1_150' title='bbox 1036 1241 1130 1260; x_wconf 84' lang='lat' dir='ltr'>avesse</span> <span class='ocrx_word' id='word_1_151' title='bbox 1141 1233 1234 1269; x_wconf 84' lang='lat' dir='ltr'>luogo,</span> <span class='ocrx_word' id='word_1_152' title='bbox 1247 1233 1346 1268; x_wconf 87' lang='lat' dir='ltr'>Iacopo</span> 
     </span>
     <span class='ocr_line' id='line_1_23' title="bbox 769 1272 1345 1310; baseline -0.002 -10"><span class='ocrx_word' id='word_1_153' title='bbox 769 1282 814 1300; x_wconf 79' lang='lat' dir='ltr'>em</span> <span class='ocrx_word' id='word_1_154' title='bbox 836 1273 918 1301; x_wconf 79' lang='lat' dir='ltr'>eletto</span> <span class='ocrx_word' id='word_1_155' title='bbox 946 1274 979 1302; x_wconf 75' lang='lat' dir='ltr'>ad</span> <span class='ocrx_word' id='word_1_156' title='bbox 1007 1275 1149 1310; x_wconf 81' lang='lat' dir='ltr'>insegnare</span> <span class='ocrx_word' id='word_1_157' title='bbox 1175 1274 1275 1302; x_wconf 79' lang='lat' dir='ltr'>decreti</span> <span class='ocrx_word' id='word_1_158' title='bbox 1300 1272 1345 1300; x_wconf 88' lang='lat' dir='ltr'>nel</span> 
     </span>
    </p>
   </div>
   <div class='ocr_carea' id='block_1_11' title="bbox 147 1317 725 2497">
    <p class='ocr_par' dir='ltr' id='par_1_11' title="bbox 147 1317 725 2497">
     <span class='ocr_line' id='line_1_24' title="bbox 147 1317 724 1355; baseline 0.003 -11"><span class='ocrx_word' id='word_1_159' title='bbox 147 1317 216 1351; x_wconf 79' lang='lat' dir='ltr'>sebi,</span> <span class='ocrx_word' id='word_1_160' title='bbox 229 1317 439 1350; x_wconf 58' lang='lat' dir='ltr'>Benquecolo</span> <span class='ocrx_word' id='word_1_161' title='bbox 454 1326 470 1345; x_wconf 90' lang='lat' dir='ltr'>e</span> <span class='ocrx_word' id='word_1_162' title='bbox 488 1318 597 1355; x_wconf 79' lang='lat' dir='ltr'>Iaeopo.</span> <span class='ocrx_word' id='word_1_163' title='bbox 631 1328 646 1343; x_wconf 75' lang='grc' dir='ltr'><strong>α</strong></span> <span class='ocrx_word' id='word_1_164' title='bbox 657 1318 724 1346; x_wconf 69' lang='lat' dir='ltr'>Meo·</span> 
     </span>
     <span class='ocr_line' id='line_1_25' title="bbox 148 1361 723 1398; baseline 0.003 -10"><span class='ocrx_word' id='word_1_165' title='bbox 148 1371 163 1387; x_wconf 77' lang='grc' dir='ltr'>ι</span> <span class='ocrx_word' id='word_1_166' title='bbox 173 1369 218 1389; x_wconf 78' lang='lat' dir='ltr'>ser</span> <span class='ocrx_word' id='word_1_167' title='bbox 237 1361 340 1398; x_wconf 67' lang='lat' dir='ltr'>[acopo</span> <span class='ocrx_word' id='word_1_168' title='bbox 353 1373 378 1396; x_wconf 75' lang='grc' dir='ltr'>ι,</span> <span class='ocrx_word' id='word_1_169' title='bbox 389 1363 477 1390; x_wconf 64' lang='lat' dir='ltr'>active</span> <span class='ocrx_word' id='word_1_170' title='bbox 496 1362 675 1390; x_wconf 70' lang='grc' dir='ltr'><strong>ΙἈκυιιΛτο</strong></span> <span class='ocrx_word' id='word_1_171' title='bbox 695 1363 723 1390; x_wconf 87' lang='lat' dir='ltr'>in</span> 
     </span>
     <span class='ocr_line' id='line_1_26' title="bbox 148 1404 724 1440; baseline 0.003 -9"><span class='ocrx_word' id='word_1_172' title='bbox 148 1412 203 1432; x_wconf 79' lang='lat' dir='ltr'>una</span> <span class='ocrx_word' id='word_1_173' title='bbox 211 1410 260 1432; x_wconf 70' lang='lat' dir='ltr'>tua</span> <span class='ocrx_word' id='word_1_174' title='bbox 266 1404 366 1432; x_wconf 79' lang='lat' dir='ltr'>inedita</span> <span class='ocrx_word' id='word_1_175' title='bbox 372 1405 562 1432; x_wconf 73' lang='lat' dir='ltr'>dissertatione</span> <span class='ocrx_word' id='word_1_176' title='bbox 570 1406 610 1432; x_wconf 78' lang='lat' dir='ltr'>sui</span> <span class='ocrx_word' id='word_1_177' title='bbox 621 1405 724 1440; x_wconf 80' lang='lat' dir='ltr'>Folchi,</span> 
     </span>
     <span class='ocr_line' id='line_1_27' title="bbox 147 1446 722 1484; baseline 0.002 -10"><span class='ocrx_word' id='word_1_178' title='bbox 147 1446 237 1474; x_wconf 73' lang='lat' dir='ltr'>dende</span> <span class='ocrx_word' id='word_1_179' title='bbox 254 1454 305 1474; x_wconf 78' lang='lat' dir='ltr'>son</span> <span class='ocrx_word' id='word_1_180' title='bbox 323 1446 381 1474; x_wconf 70' lang='lat' dir='ltr'>nolti</span> <span class='ocrx_word' id='word_1_181' title='bbox 399 1447 409 1474; x_wconf 92' lang='lat' dir='ltr'>i</span> <span class='ocrx_word' id='word_1_182' title='bbox 427 1447 569 1483; x_wconf 76' lang='lat' dir='ltr'>raggmgli</span> <span class='ocrx_word' id='word_1_183' title='bbox 585 1448 722 1484; x_wconf 70' lang='lat' dir='ltr'>premensi,</span> 
     </span>
     <span class='ocr_line' id='line_1_28' title="bbox 149 1489 724 1526; baseline 0.003 -11"><span class='ocrx_word' id='word_1_184' title='bbox 149 1498 164 1514; x_wconf 76' lang='grc' dir='ltr'>ι</span> <span class='ocrx_word' id='word_1_185' title='bbox 177 1490 193 1517; x_wconf 73' lang='lat' dir='ltr'>e</span> <span class='ocrx_word' id='word_1_186' title='bbox 220 1490 276 1516; x_wconf 71' lang='lat' dir='ltr'>coel</span> <span class='ocrx_word' id='word_1_187' title='bbox 302 1490 451 1522; x_wconf 80' lang='lat' dir='ltr'>nominato,</span> <span class='ocrx_word' id='word_1_188' title='bbox 472 1489 648 1526; x_wconf 77' lang='lat' dir='ltr'>imperocche</span> <span class='ocrx_word' id='word_1_189' title='bbox 669 1490 724 1526; x_wconf 79' lang='lat' dir='ltr'>egli</span> 
     </span>
     <span class='ocr_line' id='line_1_29' title="bbox 149 1530 724 1568; baseline 0.005 -11"><span class='ocrx_word' id='word_1_190' title='bbox 149 1530 204 1558; x_wconf 75' lang='lat' dir='ltr'>«fu</span> <span class='ocrx_word' id='word_1_191' title='bbox 221 1530 329 1559; x_wconf 61' lang='lat' dir='ltr'>doctore</span> <span class='ocrx_word' id='word_1_192' title='bbox 353 1531 380 1558; x_wconf 83' lang='lat' dir='ltr'>di</span> <span class='ocrx_word' id='word_1_193' title='bbox 401 1531 474 1568; x_wconf 75' lang='lat' dir='ltr'>leggi</span> <span class='ocrx_word' id='word_1_194' title='bbox 491 1540 508 1559; x_wconf 91' lang='lat' dir='ltr'>e</span> <span class='ocrx_word' id='word_1_195' title='bbox 533 1540 564 1559; x_wconf 78' lang='lat' dir='ltr'>ae</span> <span class='ocrx_word' id='word_1_196' title='bbox 584 1540 619 1560; x_wconf 90' lang='lat' dir='ltr'>ne</span> <span class='ocrx_word' id='word_1_197' title='bbox 643 1532 724 1568; x_wconf 78' lang='lat' dir='ltr'>legge</span> 
     </span>
     <span class='ocr_line' id='line_1_30' title="bbox 150 1573 724 1610; baseline 0.003 -10"><span class='ocrx_word' id='word_1_198' title='bbox 150 1573 298 1602; x_wconf 60' lang='lat' dir='ltr'>«samnia</span> <span class='ocrx_word' id='word_1_199' title='bbox 314 1573 461 1602; x_wconf 72' lang='lat' dir='ltr'>bellissima</span> <span class='ocrx_word' id='word_1_200' title='bbox 485 1573 631 1602; x_wconf 84' lang='lat' dir='ltr'>dell’anno</span> <span class='ocrx_word' id='word_1_201' title='bbox 657 1574 724 1610; x_wconf 83' lang='lat'>1366</span> 
     </span>
     <span class='ocr_line' id='line_1_31' title="bbox 150 1615 723 1654; baseline 0.003 -11"><span class='ocrx_word' id='word_1_202' title='bbox 150 1626 166 1642; x_wconf 76' lang='grc' dir='ltr'>α</span> <span class='ocrx_word' id='word_1_203' title='bbox 175 1621 249 1644; x_wconf 71' lang='lat' dir='ltr'>sono</span> <span class='ocrx_word' id='word_1_204' title='bbox 261 1616 270 1644; x_wconf 91' lang='lat' dir='ltr'>i</span> <span class='ocrx_word' id='word_1_205' title='bbox 285 1623 315 1651; x_wconf 86' lang='lat'>15</span> <span class='ocrx_word' id='word_1_206' title='bbox 331 1615 537 1650; x_wconf 76' lang='lat' dir='ltr'>d&#39;ottobre,nel</span> <span class='ocrx_word' id='word_1_207' title='bbox 549 1617 612 1654; x_wconf 84' lang='lat' dir='ltr'>qual</span> <span class='ocrx_word' id='word_1_208' title='bbox 625 1617 723 1653; x_wconf 77' lang='lat' dir='ltr'>giorno</span> 
     </span>
     <span class='ocr_line' id='line_1_32' title="bbox 149 1658 723 1696; baseline 0.003 -11"><span class='ocrx_word' id='word_1_209' title='bbox 149 1668 166 1684; x_wconf 75' lang='lat' dir='ltr'>e</span> <span class='ocrx_word' id='word_1_210' title='bbox 176 1658 268 1686; x_wconf 79' lang='lat' dir='ltr'>Pietro</span> <span class='ocrx_word' id='word_1_211' title='bbox 286 1666 404 1686; x_wconf 72' lang='lat' dir='ltr'>vescovo</span> <span class='ocrx_word' id='word_1_212' title='bbox 422 1659 449 1686; x_wconf 89' lang='lat' dir='ltr'>di</span> <span class='ocrx_word' id='word_1_213' title='bbox 467 1659 591 1691; x_wconf 81' lang='lat' dir='ltr'>Firenze;</span> <span class='ocrx_word' id='word_1_214' title='bbox 606 1659 695 1696; x_wconf 70' lang='lat' dir='ltr'>questi</span> <span class='ocrx_word' id='word_1_215' title='bbox 707 1661 723 1687; x_wconf 74' lang='grc' dir='ltr'>ὲ</span> 
     </span>
     <span class='ocr_line' id='line_1_33' title="bbox 150 1700 724 1738; baseline 0.003 -10"><span class='ocrx_word' id='word_1_216' title='bbox 150 1710 165 1727; x_wconf 77' lang='grc' dir='ltr'>ι</span> <span class='ocrx_word' id='word_1_217' title='bbox 175 1701 266 1728; x_wconf 77' lang='lat' dir='ltr'>Pietm</span> <span class='ocrx_word' id='word_1_218' title='bbox 278 1700 396 1734; x_wconf 72' lang='lat' dir='ltr'>Comini,</span> <span class='ocrx_word' id='word_1_219' title='bbox 405 1701 424 1728; x_wconf 85' lang='lat' dir='ltr'>il</span> <span class='ocrx_word' id='word_1_220' title='bbox 435 1702 516 1738; x_wconf 71' lang='lat' dir='ltr'>quale</span> <span class='ocrx_word' id='word_1_221' title='bbox 531 1701 558 1729; x_wconf 76' lang='lat' dir='ltr'>fu</span> <span class='ocrx_word' id='word_1_222' title='bbox 574 1702 620 1738; x_wconf 88' lang='lat' dir='ltr'>poi</span> <span class='ocrx_word' id='word_1_223' title='bbox 632 1708 724 1730; x_wconf 78' lang='lat' dir='ltr'>creato</span> 
     </span>
     <span class='ocr_line' id='line_1_34' title="bbox 151 1742 724 1775; baseline 0.003 -6"><span class='ocrx_word' id='word_1_224' title='bbox 151 1742 315 1770; x_wconf 72' lang='lat' dir='ltr'>«cardinale</span> <span class='ocrx_word' id='word_1_225' title='bbox 331 1742 366 1770; x_wconf 81' lang='lat' dir='ltr'>da</span> <span class='ocrx_word' id='word_1_226' title='bbox 387 1742 501 1770; x_wconf 87' lang='lat' dir='ltr'>Urbano</span> <span class='ocrx_word' id='word_1_227' title='bbox 522 1742 563 1775; x_wconf 84' lang='lat' dir='ltr'>V;</span> <span class='ocrx_word' id='word_1_228' title='bbox 588 1751 603 1770; x_wconf 88' lang='lat' dir='ltr'>a</span> <span class='ocrx_word' id='word_1_229' title='bbox 629 1743 665 1771; x_wconf 78' lang='lat' dir='ltr'>tal</span> <span class='ocrx_word' id='word_1_230' title='bbox 686 1743 724 1771; x_wconf 87' lang='lat' dir='ltr'>di-</span> 
     </span>
     <span class='ocr_line' id='line_1_35' title="bbox 150 1785 724 1821; baseline 0.005 -11"><span class='ocrx_word' id='word_1_231' title='bbox 150 1785 252 1820; x_wconf 63' lang='lat' dir='ltr'>«gnita</span> <span class='ocrx_word' id='word_1_232' title='bbox 269 1785 287 1812; x_wconf 88' lang='lat' dir='ltr'>il</span> <span class='ocrx_word' id='word_1_233' title='bbox 307 1793 458 1821; x_wconf 60' lang='lat' dir='ltr'>promeae.</span> <span class='ocrx_word' id='word_1_234' title='bbox 497 1785 542 1813; x_wconf 73' lang='lat' dir='ltr'>no</span> <span class='ocrx_word' id='word_1_235' title='bbox 559 1785 634 1813; x_wconf 72' lang='lat' dir='ltr'>deno</span> <span class='ocrx_word' id='word_1_236' title='bbox 652 1786 724 1813; x_wconf 84' lang='lat' dir='ltr'>bel—</span> 
     </span>
     <span class='ocr_line' id='line_1_36' title="bbox 150 1827 724 1864; baseline 0.003 -10"><span class='ocrx_word' id='word_1_237' title='bbox 150 1827 325 1861; x_wconf 78' lang='lat' dir='ltr'>«lissima,</span> <span class='ocrx_word' id='word_1_238' title='bbox 338 1828 436 1864; x_wconf 74' lang='lat' dir='ltr'>perche</span> <span class='ocrx_word' id='word_1_239' title='bbox 448 1827 596 1855; x_wconf 81' lang='lat' dir='ltr'>ilvescovo</span> <span class='ocrx_word' id='word_1_240' title='bbox 611 1829 724 1856; x_wconf 82' lang='lat' dir='ltr'>nomina</span> 
     </span>
     <span class='ocr_line' id='line_1_37' title="bbox 149 1870 723 1907; baseline 0.003 -11"><span class='ocrx_word' id='word_1_241' title='bbox 149 1878 165 1895; x_wconf 72' lang='grc' dir='ltr'><em>α</em></span> <span class='ocrx_word' id='word_1_242' title='bbox 174 1876 360 1905; x_wconf 74' lang='lat' dir='ltr'>presentatore</span> <span class='ocrx_word' id='word_1_243' title='bbox 374 1870 400 1897; x_wconf 85' lang='lat' dir='ltr'>di</span> <span class='ocrx_word' id='word_1_244' title='bbox 420 1870 522 1907; x_wconf 77' lang='lat' dir='ltr'>Iacopo</span> <span class='ocrx_word' id='word_1_245' title='bbox 541 1879 577 1898; x_wconf 92' lang='lat' dir='ltr'>m.</span> <span class='ocrx_word' id='word_1_246' title='bbox 598 1870 675 1907; x_wconf 84' lang='lat' dir='ltr'>Lapo</span> <span class='ocrx_word' id='word_1_247' title='bbox 690 1871 723 1898; x_wconf 83' lang='lat' dir='ltr'>da</span> 
     </span>
     <span class='ocr_line' id='line_1_38' title="bbox 150 1911 724 1949; baseline 0.003 -10"><span class='ocrx_word' id='word_1_248' title='bbox 150 1922 166 1938; x_wconf 77' lang='grc' dir='ltr'>ι</span> <span class='ocrx_word' id='word_1_249' title='bbox 176 1911 394 1948; x_wconf 78' lang='lat' dir='ltr'>Castiglionchio</span> <span class='ocrx_word' id='word_1_250' title='bbox 404 1912 510 1940; x_wconf 76' lang='lat' dir='ltr'>famoso</span> <span class='ocrx_word' id='word_1_251' title='bbox 521 1913 724 1949; x_wconf 73' lang='lat' dir='ltr'>giureconsulm</span> 
     </span>
     <span class='ocr_line' id='line_1_39' title="bbox 149 1954 724 1991; baseline 0.005 -11"><span class='ocrx_word' id='word_1_252' title='bbox 149 1954 202 1982; x_wconf 72' lang='lat' dir='ltr'>«di</span> <span class='ocrx_word' id='word_1_253' title='bbox 220 1954 283 1991; x_wconf 81' lang='lat' dir='ltr'>quei</span> <span class='ocrx_word' id='word_1_254' title='bbox 300 1956 382 1991; x_wconf 80' lang='lat' dir='ltr'>tempi</span> <span class='ocrx_word' id='word_1_255' title='bbox 401 1963 418 1983; x_wconf 89' lang='lat' dir='ltr'>e</span> <span class='ocrx_word' id='word_1_256' title='bbox 435 1961 561 1983; x_wconf 82' lang='lat' dir='ltr'>raceonta</span> <span class='ocrx_word' id='word_1_257' title='bbox 580 1964 596 1983; x_wconf 93' lang='lat' dir='ltr'>a</span> <span class='ocrx_word' id='word_1_258' title='bbox 611 1955 650 1983; x_wconf 82' lang='lat' dir='ltr'>tal</span> <span class='ocrx_word' id='word_1_259' title='bbox 668 1961 724 1983; x_wconf 71' lang='lat' dir='ltr'>atto</span> 
     </span>
     <span class='ocr_line' id='line_1_40' title="bbox 150 1995 722 2026; baseline 0.005 -3"><span class='ocrx_word' id='word_1_260' title='bbox 150 1995 215 2024; x_wconf 71' lang='lat' dir='ltr'>«tra</span> <span class='ocrx_word' id='word_1_261' title='bbox 234 1997 372 2024; x_wconf 79' lang='lat' dir='ltr'>Bernardo</span> <span class='ocrx_word' id='word_1_262' title='bbox 391 1997 531 2025; x_wconf 73' lang='lat' dir='ltr'>cunconi</span> <span class='ocrx_word' id='word_1_263' title='bbox 555 1997 620 2026; x_wconf 82' lang='lat' dir='ltr'>deu·</span> <span class='ocrx_word' id='word_1_264' title='bbox 627 1998 722 2026; x_wconf 84' lang='lat' dir='ltr'>ordine</span> 
     </span>
     <span class='ocr_line' id='line_1_41' title="bbox 150 2038 724 2072; baseline 0.005 -8"><span class='ocrx_word' id='word_1_265' title='bbox 150 2038 218 2066; x_wconf 76' lang='lat' dir='ltr'>ade·</span> <span class='ocrx_word' id='word_1_266' title='bbox 230 2038 339 2072; x_wconf 80' lang='lat' dir='ltr'>Minori,</span> <span class='ocrx_word' id='word_1_267' title='bbox 356 2038 397 2067; x_wconf 72' lang='lat' dir='ltr'>fra</span> <span class='ocrx_word' id='word_1_268' title='bbox 415 2039 567 2067; x_wconf 62' lang='lat' dir='ltr'>Fauces-:o</span> <span class='ocrx_word' id='word_1_269' title='bbox 585 2040 628 2067; x_wconf 87' lang='lat' dir='ltr'>de&#39;</span> <span class='ocrx_word' id='word_1_270' title='bbox 646 2040 724 2068; x_wconf 85' lang='lat' dir='ltr'>Nerli</span> 
     </span>
     <span class='ocr_line' id='line_1_42' title="bbox 149 2079 723 2118; baseline 0.003 -11"><span class='ocrx_word' id='word_1_271' title='bbox 149 2090 164 2106; x_wconf 79' lang='grc' dir='ltr'>ι</span> <span class='ocrx_word' id='word_1_272' title='bbox 174 2079 238 2108; x_wconf 81' lang='lat' dir='ltr'>dell&#39;</span> <span class='ocrx_word' id='word_1_273' title='bbox 245 2081 339 2108; x_wconf 84' lang='lat' dir='ltr'>ordine</span> <span class='ocrx_word' id='word_1_274' title='bbox 357 2081 384 2108; x_wconf 86' lang='lat' dir='ltr'>di</span> <span class='ocrx_word' id='word_1_275' title='bbox 403 2090 425 2109; x_wconf 79' lang='lat' dir='ltr'>s.</span> <span class='ocrx_word' id='word_1_276' title='bbox 440 2082 583 2118; x_wconf 72' lang='lat' dir='ltr'>Agnetino,</span> <span class='ocrx_word' id='word_1_277' title='bbox 595 2081 636 2109; x_wconf 69' lang='lat' dir='ltr'>fri</span> <span class='ocrx_word' id='word_1_278' title='bbox 649 2081 723 2110; x_wconf 84' lang='lat' dir='ltr'>Luca</span> 
     </span>
     <span class='ocr_line' id='line_1_43' title="bbox 150 2122 723 2161; baseline 0.005 -12"><span class='ocrx_word' id='word_1_279' title='bbox 150 2132 165 2148; x_wconf 79' lang='lat' dir='ltr'>e</span> <span class='ocrx_word' id='word_1_280' title='bbox 174 2122 239 2150; x_wconf 77' lang='lat' dir='ltr'>delli</span> <span class='ocrx_word' id='word_1_281' title='bbox 258 2122 387 2156; x_wconf 77' lang='lat' dir='ltr'>Umiliati,</span> <span class='ocrx_word' id='word_1_282' title='bbox 403 2124 455 2151; x_wconf 90' lang='lat' dir='ltr'>che</span> <span class='ocrx_word' id='word_1_283' title='bbox 469 2123 497 2151; x_wconf 77' lang='lat' dir='ltr'>fu</span> <span class='ocrx_word' id='word_1_284' title='bbox 511 2133 596 2152; x_wconf 84' lang='lat' dir='ltr'>aucor</span> <span class='ocrx_word' id='word_1_285' title='bbox 610 2125 664 2161; x_wconf 74' lang='lat' dir='ltr'>egli</span> <span class='ocrx_word' id='word_1_286' title='bbox 676 2124 723 2160; x_wconf 89' lang='lat' dir='ltr'>poi</span> 
     </span>
     <span class='ocr_line' id='line_1_44' title="bbox 149 2164 722 2201; baseline 0.005 -10"><span class='ocrx_word' id='word_1_287' title='bbox 149 2173 164 2190; x_wconf 76' lang='grc' dir='ltr'><strong>σ</strong></span> <span class='ocrx_word' id='word_1_288' title='bbox 175 2164 321 2198; x_wconf 76' lang='lat' dir='ltr'>cardinale,</span> <span class='ocrx_word' id='word_1_289' title='bbox 335 2164 374 2192; x_wconf 73' lang='lat' dir='ltr'>fra</span> <span class='ocrx_word' id='word_1_290' title='bbox 389 2165 496 2201; x_wconf 79' lang='lat' dir='ltr'>Filippo</span> <span class='ocrx_word' id='word_1_291' title='bbox 511 2165 555 2193; x_wconf 81' lang='lat' dir='ltr'>de’</span> <span class='ocrx_word' id='word_1_292' title='bbox 571 2166 722 2199; x_wconf 78' lang='lat' dir='ltr'>Cameliti,</span> 
     </span>
     <span class='ocr_line' id='line_1_45' title="bbox 149 2206 723 2245; baseline 0.007 -13"><span class='ocrx_word' id='word_1_293' title='bbox 149 2215 164 2231; x_wconf 72' lang='grc' dir='ltr'>ι</span> <span class='ocrx_word' id='word_1_294' title='bbox 174 2206 236 2234; x_wconf 69' lang='lat' dir='ltr'>mni</span> <span class='ocrx_word' id='word_1_295' title='bbox 261 2208 371 2235; x_wconf 69' lang='lat' dir='ltr'>mae-tri</span> <span class='ocrx_word' id='word_1_296' title='bbox 397 2207 426 2235; x_wconf 87' lang='lat' dir='ltr'>in</span> <span class='ocrx_word' id='word_1_297' title='bbox 449 2207 578 2244; x_wconf 56' lang='lat' dir='ltr'>aulegia,</span> <span class='ocrx_word' id='word_1_298' title='bbox 602 2217 619 2236; x_wconf 92' lang='lat' dir='ltr'>e</span> <span class='ocrx_word' id='word_1_299' title='bbox 643 2208 723 2245; x_wconf 84' lang='lat' dir='ltr'>Luigi</span> 
     </span>
     <span class='ocr_line' id='line_1_46' title="bbox 150 2247 723 2284; baseline 0.007 -9"><span class='ocrx_word' id='word_1_300' title='bbox 150 2257 166 2274; x_wconf 78' lang='grc' dir='ltr'>ι</span> <span class='ocrx_word' id='word_1_301' title='bbox 176 2247 362 2284; x_wconf 77' lang='lat' dir='ltr'>Gianfigliani</span> <span class='ocrx_word' id='word_1_302' title='bbox 390 2258 407 2277; x_wconf 90' lang='lat' dir='ltr'>e</span> <span class='ocrx_word' id='word_1_303' title='bbox 436 2250 548 2278; x_wconf 78' lang='lat' dir='ltr'>Donato</span> <span class='ocrx_word' id='word_1_304' title='bbox 577 2250 723 2278; x_wconf 77' lang='lat' dir='ltr'>Barbadori</span> 
     </span>
     <span class='ocr_line' id='line_1_47' title="bbox 149 2290 725 2328; baseline 0.005 -11"><span class='ocrx_word' id='word_1_305' title='bbox 149 2290 276 2318; x_wconf 69' lang='lat' dir='ltr'>«donori</span> <span class='ocrx_word' id='word_1_306' title='bbox 293 2291 321 2318; x_wconf 79' lang='lat' dir='ltr'>di</span> <span class='ocrx_word' id='word_1_307' title='bbox 339 2291 409 2328; x_wconf 73' lang='lat' dir='ltr'>leggi</span> <span class='ocrx_word' id='word_1_308' title='bbox 421 2298 450 2319; x_wconf 83' lang='lat' dir='ltr'>et</span> <span class='ocrx_word' id='word_1_309' title='bbox 463 2292 523 2319; x_wconf 83' lang='lat' dir='ltr'>altri</span> <span class='ocrx_word' id='word_1_310' title='bbox 540 2301 629 2320; x_wconf 76' lang='lat' dir='ltr'>essere</span> <span class='ocrx_word' id='word_1_311' title='bbox 642 2293 725 2320; x_wconf 86' lang='lat' dir='ltr'>inter-</span> 
     </span>
     <span class='ocr_line' id='line_1_48' title="bbox 149 2334 723 2369; baseline 0.007 -10"><span class='ocrx_word' id='word_1_312' title='bbox 149 2343 165 2359; x_wconf 80' lang='lat'><strong>«</strong></span> <span class='ocrx_word' id='word_1_313' title='bbox 175 2335 267 2362; x_wconf 81' lang='lat' dir='ltr'>venuti</span> <span class='ocrx_word' id='word_1_314' title='bbox 282 2343 312 2368; x_wconf 72' lang='grc' dir='ltr'>ις</span> <span class='ocrx_word' id='word_1_315' title='bbox 329 2334 397 2362; x_wconf 78' lang='lat' dir='ltr'>Nn.</span> <span class='ocrx_word' id='word_1_316' title='bbox 415 2335 443 2362; x_wconf 83' lang='lat' dir='ltr'>dl</span> <span class='ocrx_word' id='word_1_317' title='bbox 460 2335 582 2369; x_wconf 67' lang='lat' dir='ltr'>Pinnae,</span> <span class='ocrx_word' id='word_1_318' title='bbox 594 2344 646 2363; x_wconf 78' lang='lat' dir='ltr'>ms.</span> <span class='ocrx_word' id='word_1_319' title='bbox 658 2336 723 2363; x_wconf 83' lang='lat' dir='ltr'>Pas-</span> 
     </span>
     <span class='ocr_line' id='line_1_49' title="bbox 149 2376 724 2412; baseline 0.003 -8"><span class='ocrx_word' id='word_1_320' title='bbox 149 2376 229 2404; x_wconf 74' lang='lat' dir='ltr'>sen-in.</span> <span class='ocrx_word' id='word_1_321' title='bbox 249 2376 724 2412; x_wconf 72' lang='lat' dir='ltr'>¹87,ins.1⁷olchi;cf.Der.1.&#39;An-</span> 
     </span>
     <span class='ocr_line' id='line_1_50' title="bbox 149 2418 723 2454; baseline 0.002 -8"><span class='ocrx_word' id='word_1_322' title='bbox 149 2424 222 2451; x_wconf 69' lang='lat' dir='ltr'>cm,</span> <span class='ocrx_word' id='word_1_323' title='bbox 237 2418 312 2446; x_wconf 70' lang='lat' dir='ltr'>Salva</span> <span class='ocrx_word' id='word_1_324' title='bbox 338 2418 431 2454; x_wconf 73' lang='lat' dir='ltr'>ssrond.</span> <span class='ocrx_word' id='word_1_325' title='bbox 456 2419 516 2452; x_wconf 83' lang='lat' dir='ltr'>CC,</span> <span class='ocrx_word' id='word_1_326' title='bbox 540 2427 637 2453; x_wconf 70' lang='grc' dir='ltr'><strong>424Ας</strong></span> <span class='ocrx_word' id='word_1_327' title='bbox 666 2419 723 2453; x_wconf 81' lang='lat' dir='ltr'>LL,</span> 
     </span>
     <span class='ocr_line' id='line_1_51' title="bbox 151 2458 723 2497; baseline 0.005 -11"><span class='ocrx_word' id='word_1_328' title='bbox 151 2467 174 2486; x_wconf 83' lang='lat' dir='ltr'>c.</span> <span class='ocrx_word' id='word_1_329' title='bbox 191 2458 242 2494; x_wconf 83' lang='lat'>465</span> <span class='ocrx_word' id='word_1_330' title='bbox 253 2467 274 2488; x_wconf 81' lang='grc' dir='ltr'><strong>Α</strong></span> <span class='ocrx_word' id='word_1_331' title='bbox 290 2459 340 2489; x_wconf 72' lang='lat' dir='ltr'>&amp;c-</span> <span class='ocrx_word' id='word_1_332' title='bbox 376 2460 424 2488; x_wconf 75' lang='lat' dir='ltr'>Ma</span> <span class='ocrx_word' id='word_1_333' title='bbox 441 2461 526 2497; x_wconf 78' lang='lat' dir='ltr'>prima</span> <span class='ocrx_word' id='word_1_334' title='bbox 545 2469 647 2489; x_wconf 78' lang='lat' dir='ltr'>ancora</span> <span class='ocrx_word' id='word_1_335' title='bbox 671 2461 723 2489; x_wconf 84' lang='lat' dir='ltr'>che</span> 
     </span>
    </p>
   </div>
   <div class='ocr_carea' id='block_1_12' title="bbox 767 1316 1347 2497">
    <p class='ocr_par' dir='ltr' id='par_1_12' title="bbox 767 1316 1347 2497">
     <span class='ocr_line' id='line_1_52' title="bbox 769 1316 1345 1353; baseline -0.003 -9"><span class='ocrx_word' id='word_1_336' title='bbox 769 1317 858 1352; x_wconf 80' lang='lat' dir='ltr'>patrio</span> <span class='ocrx_word' id='word_1_337' title='bbox 868 1317 973 1350; x_wconf 75' lang='lat' dir='ltr'>studio,</span> <span class='ocrx_word' id='word_1_338' title='bbox 983 1317 1037 1344; x_wconf 80' lang='lat' dir='ltr'>alla</span> <span class='ocrx_word' id='word_1_339' title='bbox 1049 1317 1206 1344; x_wconf 76' lang='lat' dir='ltr'>conditione</span> <span class='ocrx_word' id='word_1_340' title='bbox 1216 1318 1281 1353; x_wconf 78' lang='lat' dir='ltr'>pero</span> <span class='ocrx_word' id='word_1_341' title='bbox 1295 1316 1345 1343; x_wconf 86' lang='lat' dir='ltr'>che</span> 
     </span>
     <span class='ocr_line' id='line_1_53' title="bbox 770 1359 1346 1392; baseline -0.005 -5"><span class='ocrx_word' id='word_1_342' title='bbox 770 1359 907 1387; x_wconf 85' lang='lat' dir='ltr'>Giovanni</span> <span class='ocrx_word' id='word_1_343' title='bbox 922 1369 937 1385; x_wconf 75' lang='grc' dir='ltr'><em>α</em></span> <span class='ocrx_word' id='word_1_344' title='bbox 947 1359 981 1387; x_wconf 92' lang='lat' dir='ltr'>de</span> <span class='ocrx_word' id='word_1_345' title='bbox 1002 1359 1090 1387; x_wconf 84' lang='lat' dir='ltr'>Plano</span> <span class='ocrx_word' id='word_1_346' title='bbox 1110 1359 1208 1386; x_wconf 78' lang='lat' dir='ltr'>radicis</span> <span class='ocrx_word' id='word_1_347' title='bbox 1218 1369 1243 1392; x_wconf 72' lang='grc' dir='ltr'>ι,</span> <span class='ocrx_word' id='word_1_348' title='bbox 1257 1359 1346 1385; x_wconf 86' lang='lat' dir='ltr'>nomi-</span> 
     </span>
     <span class='ocr_line' id='line_1_54' title="bbox 769 1401 1347 1435; baseline -0.002 -7"><span class='ocrx_word' id='word_1_349' title='bbox 769 1408 834 1429; x_wconf 82' lang='lat' dir='ltr'>nato</span> <span class='ocrx_word' id='word_1_350' title='bbox 859 1410 875 1428; x_wconf 81' lang='lat' dir='ltr'>a</span> <span class='ocrx_word' id='word_1_351' title='bbox 901 1401 954 1430; x_wconf 78' lang='lat' dir='ltr'>tale</span> <span class='ocrx_word' id='word_1_352' title='bbox 984 1401 1083 1435; x_wconf 78' lang='lat' dir='ltr'>afficio,</span> <span class='ocrx_word' id='word_1_353' title='bbox 1109 1410 1203 1429; x_wconf 77' lang='lat' dir='ltr'>avesse</span> <span class='ocrx_word' id='word_1_354' title='bbox 1229 1401 1347 1428; x_wconf 78' lang='lat' dir='ltr'>ricusato</span> 
     </span>
     <span class='ocr_line' id='line_1_55' title="bbox 769 1443 1346 1480; baseline -0.003 -8"><span class='ocrx_word' id='word_1_355' title='bbox 769 1444 880 1472; x_wconf 77' lang='lat' dir='ltr'>l’invito</span> <span class='ocrx_word' id='word_1_356' title='bbox 899 1444 1076 1479; x_wconf 65' lang='lat' dir='ltr'>(Gnatum,</span> <span class='ocrx_word' id='word_1_357' title='bbox 1095 1453 1140 1480; x_wconf 85' lang='lat' dir='ltr'>op.</span> <span class='ocrx_word' id='word_1_358' title='bbox 1165 1444 1210 1472; x_wconf 88' lang='lat' dir='ltr'>cit.</span> <span class='ocrx_word' id='word_1_359' title='bbox 1235 1452 1291 1480; x_wconf 86' lang='lat' dir='ltr'>par.</span> <span class='ocrx_word' id='word_1_360' title='bbox 1311 1443 1346 1476; x_wconf 84' lang='lat'>11,</span> 
     </span>
     <span class='ocr_line' id='line_1_56' title="bbox 769 1485 1344 1523; baseline -0.003 -9"><span class='ocrx_word' id='word_1_361' title='bbox 769 1495 795 1523; x_wconf 88' lang='lat' dir='ltr'>p.</span> <span class='ocrx_word' id='word_1_362' title='bbox 816 1494 875 1522; x_wconf 82' lang='lat'>3¹5,</span> <span class='ocrx_word' id='word_1_363' title='bbox 899 1487 960 1514; x_wconf 87' lang='lat' dir='ltr'>doc.</span> <span class='ocrx_word' id='word_1_364' title='bbox 985 1494 1053 1519; x_wconf 78' lang='lat' dir='ltr'>xm.</span> <span class='ocrx_word' id='word_1_365' title='bbox 1082 1494 1117 1514; x_wconf 70' lang='grc' dir='ltr'>ιο</span> <span class='ocrx_word' id='word_1_366' title='bbox 1144 1485 1227 1523; x_wconf 77' lang='lat' dir='ltr'>aprile</span> <span class='ocrx_word' id='word_1_367' title='bbox 1258 1485 1344 1521; x_wconf 82' lang='lat'>1366).</span> 
     </span>
     <span class='ocr_line' id='line_1_57' title="bbox 769 1526 1345 1560; baseline -0.003 -5"><span class='ocrx_word' id='word_1_368' title='bbox 769 1527 870 1555; x_wconf 81' lang='lat' dir='ltr'>Rifiuro</span> <span class='ocrx_word' id='word_1_369' title='bbox 883 1527 971 1555; x_wconf 77' lang='lat' dir='ltr'>infatti</span> <span class='ocrx_word' id='word_1_370' title='bbox 988 1527 1135 1560; x_wconf 68' lang='lat' dir='ltr'>Giownni,</span> <span class='ocrx_word' id='word_1_371' title='bbox 1147 1527 1180 1555; x_wconf 85' lang='lat' dir='ltr'>ed</span> <span class='ocrx_word' id='word_1_372' title='bbox 1189 1527 1275 1554; x_wconf 77' lang='lat' dir='ltr'>allon</span> <span class='ocrx_word' id='word_1_373' title='bbox 1289 1526 1345 1553; x_wconf 86' lang='lat' dir='ltr'>nel-</span> 
     </span>
     <span class='ocr_line' id='line_1_58' title="bbox 769 1569 1345 1606; baseline -0.002 -9"><span class='ocrx_word' id='word_1_374' title='bbox 769 1570 787 1597; x_wconf 84' lang='lat'>1·</span> <span class='ocrx_word' id='word_1_375' title='bbox 796 1570 902 1598; x_wconf 77' lang='lat' dir='ltr'>ottobre</span> <span class='ocrx_word' id='word_1_376' title='bbox 921 1570 941 1598; x_wconf 90' lang='lat' dir='ltr'>il</span> <span class='ocrx_word' id='word_1_377' title='bbox 959 1569 1052 1597; x_wconf 84' lang='lat' dir='ltr'>Folchi</span> <span class='ocrx_word' id='word_1_378' title='bbox 1069 1578 1104 1597; x_wconf 87' lang='lat' dir='ltr'>ne</span> <span class='ocrx_word' id='word_1_379' title='bbox 1123 1578 1201 1606; x_wconf 72' lang='lat' dir='ltr'>prete</span> <span class='ocrx_word' id='word_1_380' title='bbox 1220 1569 1239 1596; x_wconf 88' lang='lat' dir='ltr'>il</span> <span class='ocrx_word' id='word_1_381' title='bbox 1251 1569 1345 1604; x_wconf 84' lang='lat' dir='ltr'>luogo,</span> 
     </span>
     <span class='ocr_line' id='line_1_59' title="bbox 769 1611 1345 1648; baseline -0.002 -9"><span class='ocrx_word' id='word_1_382' title='bbox 769 1613 951 1640; x_wconf 84' lang='lat' dir='ltr'>ricevendoin</span> <span class='ocrx_word' id='word_1_383' title='bbox 961 1621 1121 1648; x_wconf 78' lang='lat' dir='ltr'>compenso,</span> <span class='ocrx_word' id='word_1_384' title='bbox 1134 1611 1258 1640; x_wconf 80' lang='lat' dir='ltr'>com’era</span> <span class='ocrx_word' id='word_1_385' title='bbox 1274 1616 1345 1638; x_wconf 78' lang='lat' dir='ltr'>stato</span> 
     </span>
     <span class='ocr_line' id='line_1_60' title="bbox 769 1654 1345 1692; baseline -0.003 -9"><span class='ocrx_word' id='word_1_386' title='bbox 769 1656 893 1692; x_wconf 81' lang='lat' dir='ltr'>pattuito‚</span> <span class='ocrx_word' id='word_1_387' title='bbox 912 1662 993 1683; x_wconf 75' lang='lat' dir='ltr'>cento</span> <span class='ocrx_word' id='word_1_388' title='bbox 1013 1655 1103 1683; x_wconf 81' lang='lat' dir='ltr'>fiorini</span> <span class='ocrx_word' id='word_1_389' title='bbox 1121 1655 1205 1683; x_wconf 83' lang='lat' dir='ltr'>d&#39;oro</span> <span class='ocrx_word' id='word_1_390' title='bbox 1228 1654 1345 1691; x_wconf 80' lang='lat' dir='ltr'>piccoli3</span> 
     </span>
     <span class='ocr_line' id='line_1_61' title="bbox 769 1697 1346 1735; baseline -0.002 -10"><span class='ocrx_word' id='word_1_391' title='bbox 769 1697 804 1726; x_wconf 80' lang='lat' dir='ltr'>cf.</span> <span class='ocrx_word' id='word_1_392' title='bbox 823 1706 868 1735; x_wconf 93' lang='lat' dir='ltr'>op.</span> <span class='ocrx_word' id='word_1_393' title='bbox 888 1698 933 1726; x_wconf 80' lang='lat' dir='ltr'>cit.</span> <span class='ocrx_word' id='word_1_394' title='bbox 952 1706 978 1734; x_wconf 84' lang='lat' dir='ltr'>p.</span> <span class='ocrx_word' id='word_1_395' title='bbox 999 1705 1058 1733; x_wconf 78' lang='lat'>320,</span> <span class='ocrx_word' id='word_1_396' title='bbox 1073 1698 1134 1725; x_wconf 89' lang='lat' dir='ltr'>doc.</span> <span class='ocrx_word' id='word_1_397' title='bbox 1151 1705 1224 1730; x_wconf 52' lang='grc' dir='ltr'>μὴ</span> <span class='ocrx_word' id='word_1_398' title='bbox 1239 1706 1264 1733; x_wconf 88' lang='lat' dir='ltr'>p.</span> <span class='ocrx_word' id='word_1_399' title='bbox 1286 1705 1346 1732; x_wconf 79' lang='lat'>323,</span> 
     </span>
     <span class='ocr_line' id='line_1_62' title="bbox 769 1739 1344 1777; baseline -0.003 -10"><span class='ocrx_word' id='word_1_400' title='bbox 769 1740 830 1767; x_wconf 84' lang='lat' dir='ltr'>doc.</span> <span class='ocrx_word' id='word_1_401' title='bbox 850 1748 927 1773; x_wconf 80' lang='lat' dir='ltr'>xux,</span> <span class='ocrx_word' id='word_1_402' title='bbox 946 1749 964 1777; x_wconf 81' lang='lat'>9</span> <span class='ocrx_word' id='word_1_403' title='bbox 981 1740 1087 1767; x_wconf 86' lang='lat' dir='ltr'>ottobre</span> <span class='ocrx_word' id='word_1_404' title='bbox 1106 1749 1121 1767; x_wconf 90' lang='lat' dir='ltr'>e</span> <span class='ocrx_word' id='word_1_405' title='bbox 1141 1747 1175 1767; x_wconf 82' lang='lat'>22</span> <span class='ocrx_word' id='word_1_406' title='bbox 1196 1739 1344 1767; x_wconf 86' lang='lat' dir='ltr'>dicembre.</span> 
     </span>
     <span class='ocr_line' id='line_1_63' title="bbox 770 1782 1346 1819; baseline -0.003 -9"><span class='ocrx_word' id='word_1_407' title='bbox 770 1783 825 1811; x_wconf 89' lang='lat' dir='ltr'>Col</span> <span class='ocrx_word' id='word_1_408' title='bbox 852 1784 1002 1811; x_wconf 84' lang='lat' dir='ltr'>medesimo</span> <span class='ocrx_word' id='word_1_409' title='bbox 1028 1783 1162 1819; x_wconf 80' lang='lat' dir='ltr'>stipendio</span> <span class='ocrx_word' id='word_1_410' title='bbox 1191 1782 1245 1819; x_wconf 81' lang='lat' dir='ltr'>egli</span> <span class='ocrx_word' id='word_1_411' title='bbox 1277 1782 1346 1809; x_wconf 86' lang='lat' dir='ltr'>inse-</span> 
     </span>
     <span class='ocr_line' id='line_1_64' title="bbox 770 1824 1346 1862; baseline -0.002 -10"><span class='ocrx_word' id='word_1_412' title='bbox 770 1827 826 1862; x_wconf 76' lang='lat' dir='ltr'>gno</span> <span class='ocrx_word' id='word_1_413' title='bbox 843 1826 929 1853; x_wconf 85' lang='lat' dir='ltr'>anche</span> <span class='ocrx_word' id='word_1_414' title='bbox 950 1825 1043 1852; x_wconf 87' lang='lat' dir='ltr'>l’anno</span> <span class='ocrx_word' id='word_1_415' title='bbox 1065 1830 1197 1860; x_wconf 74' lang='lat' dir='ltr'>seguente</span> <span class='ocrx_word' id='word_1_416' title='bbox 1218 1825 1277 1860; x_wconf 89' lang='lat' dir='ltr'>(op.</span> <span class='ocrx_word' id='word_1_417' title='bbox 1301 1824 1346 1851; x_wconf 80' lang='lat' dir='ltr'>cit.</span> 
     </span>
     <span class='ocr_line' id='line_1_65' title="bbox 769 1866 1346 1904; baseline -0.007 0"><span class='ocrx_word' id='word_1_418' title='bbox 769 1877 795 1904; x_wconf 77' lang='lat'>1&gt;-</span> <span class='ocrx_word' id='word_1_419' title='bbox 806 1867 933 1903; x_wconf 81' lang='lat' dir='ltr'>3²5.d0c-</span> <span class='ocrx_word' id='word_1_420' title='bbox 943 1876 980 1901; x_wconf 78' lang='lat' dir='ltr'>u,</span> <span class='ocrx_word' id='word_1_421' title='bbox 994 1875 1024 1901; x_wconf 82' lang='lat'>14</span> <span class='ocrx_word' id='word_1_422' title='bbox 1033 1866 1346 1903; x_wconf 68' lang='lat' dir='ltr'>magsio13⁶7;p-3³4‚</span> 
     </span>
     <span class='ocr_line' id='line_1_66' title="bbox 769 1907 1345 1943; baseline -0.003 -7"><span class='ocrx_word' id='word_1_423' title='bbox 769 1910 825 1937; x_wconf 89' lang='lat' dir='ltr'>doc.</span> <span class='ocrx_word' id='word_1_424' title='bbox 837 1917 913 1943; x_wconf 78' lang='lat' dir='ltr'>mn,</span> <span class='ocrx_word' id='word_1_425' title='bbox 924 1917 960 1938; x_wconf 68' lang='grc' dir='ltr'>ιο</span> <span class='ocrx_word' id='word_1_426' title='bbox 971 1910 1108 1938; x_wconf 82' lang='lat' dir='ltr'>dioembre</span> <span class='ocrx_word' id='word_1_427' title='bbox 1123 1907 1201 1943; x_wconf 78' lang='lat'>1368)</span> <span class='ocrx_word' id='word_1_428' title='bbox 1212 1918 1219 1942; x_wconf 88' lang='lat'>;</span> <span class='ocrx_word' id='word_1_429' title='bbox 1232 1917 1277 1936; x_wconf 84' lang='lat' dir='ltr'>ma</span> <span class='ocrx_word' id='word_1_430' title='bbox 1290 1908 1345 1943; x_wconf 85' lang='lat' dir='ltr'>poi,</span> 
     </span>
     <span class='ocr_line' id='line_1_67' title="bbox 769 1951 1344 1979; baseline -0.003 0"><span class='ocrx_word' id='word_1_431' title='bbox 769 1958 853 1979; x_wconf 75' lang='lat' dir='ltr'>attese</span> <span class='ocrx_word' id='word_1_432' title='bbox 864 1952 889 1979; x_wconf 89' lang='lat' dir='ltr'>le</span> <span class='ocrx_word' id='word_1_433' title='bbox 900 1952 966 1979; x_wconf 77' lang='lat' dir='ltr'>tristi</span> <span class='ocrx_word' id='word_1_434' title='bbox 980 1951 1131 1979; x_wconf 73' lang='lat' dir='ltr'>conditioni</span> <span class='ocrx_word' id='word_1_435' title='bbox 1142 1953 1169 1978; x_wconf 86' lang='lat' dir='ltr'>in</span> <span class='ocrx_word' id='word_1_436' title='bbox 1179 1951 1222 1978; x_wconf 91' lang='lat' dir='ltr'>cui</span> <span class='ocrx_word' id='word_1_437' title='bbox 1232 1959 1344 1978; x_wconf 78' lang='lat' dir='ltr'>versava</span> 
     </span>
     <span class='ocr_line' id='line_1_68' title="bbox 768 1993 1345 2026; baseline -0.003 -5"><span class='ocrx_word' id='word_1_438' title='bbox 768 1994 797 2021; x_wconf 92' lang='lat' dir='ltr'>lo</span> <span class='ocrx_word' id='word_1_439' title='bbox 817 1994 920 2026; x_wconf 80' lang='lat' dir='ltr'>Studio,</span> <span class='ocrx_word' id='word_1_440' title='bbox 938 1994 958 2021; x_wconf 87' lang='lat' dir='ltr'>il</span> <span class='ocrx_word' id='word_1_441' title='bbox 976 1993 1071 2022; x_wconf 83' lang='lat' dir='ltr'>Folchi</span> <span class='ocrx_word' id='word_1_442' title='bbox 1091 1994 1212 2021; x_wconf 79' lang='lat' dir='ltr'>delibero</span> <span class='ocrx_word' id='word_1_443' title='bbox 1231 1993 1303 2020; x_wconf 74' lang='lat' dir='ltr'>forse</span> <span class='ocrx_word' id='word_1_444' title='bbox 1318 1993 1345 2019; x_wconf 89' lang='lat' dir='ltr'>di</span> 
     </span>
     <span class='ocr_line' id='line_1_69' title="bbox 768 2031 1344 2072; baseline -0.003 -8"><span class='ocrx_word' id='word_1_445' title='bbox 768 2037 867 2064; x_wconf 79' lang='lat' dir='ltr'>recarsi</span> <span class='ocrx_word' id='word_1_446' title='bbox 886 2036 998 2064; x_wconf 76' lang='lat' dir='ltr'>alti-ove.</span> <span class='ocrx_word' id='word_1_447' title='bbox 1046 2031 1067 2064; x_wconf 78' lang='lat' dir='ltr'>E</span> <span class='ocrx_word' id='word_1_448' title='bbox 1093 2043 1187 2072; x_wconf 79' lang='lat' dir='ltr'>questa</span> <span class='ocrx_word' id='word_1_449' title='bbox 1210 2044 1264 2063; x_wconf 86' lang='lat' dir='ltr'>una</span> <span class='ocrx_word' id='word_1_450' title='bbox 1283 2043 1344 2062; x_wconf 81' lang='lat' dir='ltr'>con-</span> 
     </span>
     <span class='ocr_line' id='line_1_70' title="bbox 769 2074 1344 2115; baseline -0.003 -9"><span class='ocrx_word' id='word_1_451' title='bbox 769 2074 875 2115; x_wconf 72' lang='lat' dir='ltr'>gettura</span> <span class='ocrx_word' id='word_1_452' title='bbox 893 2079 944 2106; x_wconf 90' lang='lat' dir='ltr'>che</span> <span class='ocrx_word' id='word_1_453' title='bbox 959 2079 1089 2106; x_wconf 76' lang='lat' dir='ltr'>vari-ebbe</span> <span class='ocrx_word' id='word_1_454' title='bbox 1105 2087 1121 2105; x_wconf 80' lang='lat' dir='ltr'>a</span> <span class='ocrx_word' id='word_1_455' title='bbox 1137 2078 1211 2105; x_wconf 82' lang='lat' dir='ltr'>darei</span> <span class='ocrx_word' id='word_1_456' title='bbox 1230 2078 1344 2114; x_wconf 84' lang='lat' dir='ltr'>ragione</span> 
     </span>
     <span class='ocr_line' id='line_1_71' title="bbox 768 2121 1344 2156; baseline -0.002 -8"><span class='ocrx_word' id='word_1_457' title='bbox 768 2122 810 2148; x_wconf 87' lang='lat' dir='ltr'>del</span> <span class='ocrx_word' id='word_1_458' title='bbox 830 2122 942 2149; x_wconf 72' lang='lat' dir='ltr'>silenzio</span> <span class='ocrx_word' id='word_1_459' title='bbox 960 2122 1068 2148; x_wconf 79' lang='lat' dir='ltr'>serbato</span> <span class='ocrx_word' id='word_1_460' title='bbox 1085 2129 1118 2148; x_wconf 81' lang='lat' dir='ltr'>su</span> <span class='ocrx_word' id='word_1_461' title='bbox 1132 2121 1158 2147; x_wconf 90' lang='lat' dir='ltr'>di</span> <span class='ocrx_word' id='word_1_462' title='bbox 1170 2121 1208 2148; x_wconf 88' lang='lat' dir='ltr'>lui</span> <span class='ocrx_word' id='word_1_463' title='bbox 1221 2129 1268 2156; x_wconf 90' lang='lat' dir='ltr'>per</span> <span class='ocrx_word' id='word_1_464' title='bbox 1285 2126 1344 2148; x_wconf 72' lang='lat' dir='ltr'>otto</span> 
     </span>
     <span class='ocr_line' id='line_1_72' title="bbox 767 2162 1344 2198; baseline -0.003 -7"><span class='ocrx_word' id='word_1_465' title='bbox 767 2165 831 2191; x_wconf 84' lang='lat' dir='ltr'>anni</span> <span class='ocrx_word' id='word_1_466' title='bbox 847 2163 891 2191; x_wconf 87' lang='lat' dir='ltr'>dai</span> <span class='ocrx_word' id='word_1_467' title='bbox 906 2163 1065 2191; x_wconf 76' lang='lat' dir='ltr'>documenti</span> <span class='ocrx_word' id='word_1_468' title='bbox 1078 2163 1230 2196; x_wconf 82' lang='lat' dir='ltr'>florentini;</span> <span class='ocrx_word' id='word_1_469' title='bbox 1245 2162 1344 2198; x_wconf 75' lang='lat' dir='ltr'>poiche</span> 
     </span>
     <span class='ocr_line' id='line_1_73' title="bbox 767 2205 1344 2242; baseline -0.003 -8"><span class='ocrx_word' id='word_1_470' title='bbox 767 2206 887 2234; x_wconf 77' lang='lat' dir='ltr'>soltanto</span> <span class='ocrx_word' id='word_1_471' title='bbox 893 2206 939 2234; x_wconf 85' lang='lat' dir='ltr'>nel</span> <span class='ocrx_word' id='word_1_472' title='bbox 950 2215 958 2233; x_wconf 89' lang='lat'><em>1</em></span> <span class='ocrx_word' id='word_1_473' title='bbox 966 2205 1016 2242; x_wconf 85' lang='lat'>376</span> <span class='ocrx_word' id='word_1_474' title='bbox 1023 2206 1051 2233; x_wconf 90' lang='lat' dir='ltr'>lo</span> <span class='ocrx_word' id='word_1_475' title='bbox 1063 2206 1190 2233; x_wconf 83' lang='lat' dir='ltr'>vediamo</span> <span class='ocrx_word' id='word_1_476' title='bbox 1197 2206 1344 2242; x_wconf 78' lang='lat' dir='ltr'>riappasire</span> 
     </span>
     <span class='ocr_line' id='line_1_74' title="bbox 767 2246 1343 2283; baseline -0.003 -8"><span class='ocrx_word' id='word_1_477' title='bbox 767 2248 834 2275; x_wconf 80' lang='lat' dir='ltr'>sulla</span> <span class='ocrx_word' id='word_1_478' title='bbox 851 2257 934 2275; x_wconf 79' lang='lat' dir='ltr'>scena</span> <span class='ocrx_word' id='word_1_479' title='bbox 953 2247 1248 2283; x_wconf 53' lang='lat' dir='ltr'>comegfiambasciatore</span> <span class='ocrx_word' id='word_1_480' title='bbox 1273 2246 1343 2274; x_wconf 85' lang='lat' dir='ltr'>della</span> 
     </span>
     <span class='ocr_line' id='line_1_75' title="bbox 769 2290 1344 2327; baseline -0.003 -8"><span class='ocrx_word' id='word_1_481' title='bbox 769 2292 833 2319; x_wconf 72' lang='lat' dir='ltr'>cina</span> <span class='ocrx_word' id='word_1_482' title='bbox 848 2300 897 2319; x_wconf 79' lang='lat' dir='ltr'>sua</span> <span class='ocrx_word' id='word_1_483' title='bbox 913 2292 939 2318; x_wconf 85' lang='lat' dir='ltr'>ai</span> <span class='ocrx_word' id='word_1_484' title='bbox 949 2291 1077 2324; x_wconf 79' lang='lat' dir='ltr'>Romani,</span> <span class='ocrx_word' id='word_1_485' title='bbox 1091 2291 1133 2318; x_wconf 85' lang='lat' dir='ltr'>de&#39;</span> <span class='ocrx_word' id='word_1_486' title='bbox 1149 2290 1223 2327; x_wconf 83' lang='lat' dir='ltr'>quali</span> <span class='ocrx_word' id='word_1_487' title='bbox 1238 2290 1344 2318; x_wconf 81' lang='lat' dir='ltr'>doveva</span> 
     </span>
     <span class='ocr_line' id='line_1_76' title="bbox 768 2332 1344 2365; baseline -0.003 -4"><span class='ocrx_word' id='word_1_488' title='bbox 768 2333 920 2361; x_wconf 79' lang='lat' dir='ltr'>sollecitare</span> <span class='ocrx_word' id='word_1_489' title='bbox 938 2332 1087 2360; x_wconf 76' lang='lat' dir='ltr'>l&#39;allennza</span> <span class='ocrx_word' id='word_1_490' title='bbox 1105 2341 1120 2360; x_wconf 93' lang='lat' dir='ltr'>e</span> <span class='ocrx_word' id='word_1_491' title='bbox 1135 2332 1248 2365; x_wconf 80' lang='lat' dir='ltr'>l&#39;aiuto;</span> <span class='ocrx_word' id='word_1_492' title='bbox 1261 2332 1344 2359; x_wconf 84' lang='lat' dir='ltr'>Arch.</span> 
     </span>
     <span class='ocr_line' id='line_1_77' title="bbox 769 2374 1344 2410; baseline -0.003 -8"><span class='ocrx_word' id='word_1_493' title='bbox 769 2377 794 2402; x_wconf 87' lang='lat' dir='ltr'>di</span> <span class='ocrx_word' id='word_1_494' title='bbox 811 2376 889 2403; x_wconf 80' lang='lat' dir='ltr'>Stato</span> <span class='ocrx_word' id='word_1_495' title='bbox 901 2375 928 2402; x_wconf 89' lang='lat' dir='ltr'>in</span> <span class='ocrx_word' id='word_1_496' title='bbox 944 2375 1062 2407; x_wconf 84' lang='lat' dir='ltr'>Firenze‚</span> <span class='ocrx_word' id='word_1_497' title='bbox 1081 2375 1152 2403; x_wconf 77' lang='lat' dir='ltr'>Miss.</span> <span class='ocrx_word' id='word_1_498' title='bbox 1173 2382 1213 2410; x_wconf 80' lang='lat'>17,</span> <span class='ocrx_word' id='word_1_499' title='bbox 1231 2382 1255 2402; x_wconf 88' lang='lat' dir='ltr'>c.</span> <span class='ocrx_word' id='word_1_500' title='bbox 1277 2374 1308 2410; x_wconf 88' lang='grc'>36</span> <span class='ocrx_word' id='word_1_501' title='bbox 1319 2381 1344 2409; x_wconf 72' lang='grc' dir='ltr'>Β,</span> 
     </span>
     <span class='ocr_line' id='line_1_78' title="bbox 770 2417 1344 2454; baseline -0.002 -9"><span class='ocrx_word' id='word_1_502' title='bbox 770 2429 785 2444; x_wconf 71' lang='grc' dir='ltr'>ι</span> <span class='ocrx_word' id='word_1_503' title='bbox 798 2419 833 2446; x_wconf 92' lang='lat' dir='ltr'>D.</span> <span class='ocrx_word' id='word_1_504' title='bbox 866 2418 964 2445; x_wconf 74' lang='lat' dir='ltr'>Iacobo</span> <span class='ocrx_word' id='word_1_505' title='bbox 997 2417 1092 2446; x_wconf 80' lang='lat' dir='ltr'>Fulchi</span> <span class='ocrx_word' id='word_1_506' title='bbox 1105 2428 1130 2450; x_wconf 66' lang='lat' dir='ltr'>a,</span> <span class='ocrx_word' id='word_1_507' title='bbox 1159 2426 1193 2446; x_wconf 67' lang='grc' dir='ltr'>ιο</span> <span class='ocrx_word' id='word_1_508' title='bbox 1222 2418 1344 2454; x_wconf 75' lang='lat' dir='ltr'>giugno;</span> 
     </span>
     <span class='ocr_line' id='line_1_79' title="bbox 769 2461 1344 2497; baseline -0.002 -8"><span class='ocrx_word' id='word_1_509' title='bbox 769 2462 838 2489; x_wconf 77' lang='lat' dir='ltr'>Miss.</span> <span class='ocrx_word' id='word_1_510' title='bbox 856 2469 896 2496; x_wconf 83' lang='lat'>15,</span> <span class='ocrx_word' id='word_1_511' title='bbox 909 2470 933 2489; x_wconf 91' lang='lat' dir='ltr'>c.</span> <span class='ocrx_word' id='word_1_512' title='bbox 952 2462 986 2497; x_wconf 89' lang='lat'>78</span> <span class='ocrx_word' id='word_1_513' title='bbox 999 2469 1027 2494; x_wconf 78' lang='grc' dir='ltr'>Α,</span> <span class='ocrx_word' id='word_1_514' title='bbox 1041 2470 1056 2486; x_wconf 70' lang='grc' dir='ltr'><strong>α</strong></span> <span class='ocrx_word' id='word_1_515' title='bbox 1066 2461 1198 2488; x_wconf 74' lang='lat' dir='ltr'>Romanis</span> <span class='ocrx_word' id='word_1_516' title='bbox 1211 2471 1235 2494; x_wconf 73' lang='grc' dir='ltr'>ι,</span> <span class='ocrx_word' id='word_1_517' title='bbox 1247 2468 1264 2495; x_wconf 82' lang='grc'><strong>4</strong></span> <span class='ocrx_word' id='word_1_518' title='bbox 1277 2469 1344 2496; x_wconf 78' lang='lat' dir='ltr'>ago—</span> 
     </span>
    </p>
   </div>
   <div class='ocr_carea' id='block_1_13' title="bbox 1372 417 1586 492">
    <p class='ocr_par' dir='ltr' id='par_1_13' title="bbox 1372 417 1586 492">
     <span class='ocr_line' id='line_1_80' title="bbox 1372 417 1586 445; baseline -0.005 -6"><span class='ocrx_word' id='word_1_519' title='bbox 1372 425 1384 439; x_wconf 90' lang='lat' dir='ltr'>e</span> <span class='ocrx_word' id='word_1_520' title='bbox 1396 418 1416 439; x_wconf 69' lang='lat' dir='ltr'>lae</span> <span class='ocrx_word' id='word_1_521' title='bbox 1430 418 1488 445; x_wconf 71' lang='lat' dir='ltr'>gradi</span> <span class='ocrx_word' id='word_1_522' title='bbox 1505 417 1586 438; x_wconf 66' lang='lat' dir='ltr'>moltio-</span> 
     </span>
     <span class='ocr_line' id='line_1_81' title="bbox 1372 446 1584 472; baseline -0.009 -6"><span class='ocrx_word' id='word_1_523' title='bbox 1372 446 1435 469; x_wconf 72' lang='lat' dir='ltr'>simo,</span> <span class='ocrx_word' id='word_1_524' title='bbox 1445 451 1503 465; x_wconf 79' lang='lat' dir='ltr'>eume</span> <span class='ocrx_word' id='word_1_525' title='bbox 1517 451 1584 472; x_wconf 73' lang='lat' dir='ltr'>pegno</span> 
     </span>
     <span class='ocr_line' id='line_1_82' title="bbox 1372 472 1493 492; baseline 0 0"><span class='ocrx_word' id='word_1_526' title='bbox 1372 472 1493 492; x_wconf 68' lang='lat' dir='ltr'>d&#39;amiaixin.</span> 
     </span>
    </p>
   </div>
  </div>
 </body>
</html>
