1682 2762
141 834 235 859 Firmze,

82 862 94 882 6
108 861 212 881 dicembre
227 861 296 887 ι4ο..ἶ

109 901 144 922 Gli
161 902 297 922 necommda

82 929 296 977 ”32220'3222‘51222

83 963 117 1011 {er
126 963 235 1011 procqurnre
246 983 260 1003 il
271 984 296 1004 ri·

83 1015 151 1031 scatio
166 1011 186 1030 di
201 1011 250 1031 oeni
259 1017 297 1030 no-

83 1038 119 1059 bili
143 1038 235 1058 crini-ni
271 1038 297 1057 ri·

83 1065 170 1113 gosseri
199 1064 233 1085 de'
244 1045 297 1085 'lpur-

112 1363 142 1384 Lo
153 1363 256 1390 dngrnzia
264 1364 299 1391 poi

84 1390 138 1411 delle
145 1390 234 1411 cortesie
242 1396 299 1411 unte

85 1425 97 1448 a
111 1424 150 1438 suo
166 1417 224 1445 figlio
237 1418 300 1438 Boni-

86 1446 149 1467 mio.

148 1915 238 1939 Firenze.

90 1942 112 1963 ιδ
117 1942 227 1962 settembre
234 1948 278 1968 ι4ο.
283 1942 301 1964 ,ἲ

114 1982 197 2004 Sebben
210 1983 302 2003 l'nmiei-

88 2010 120 2030 zi·
129 2017 176 2030 ven
186 2017 228 2031 non
237 2011 254 2031 si
262 2010 302 2031 uf-

88 2036 139 2057 foai
155 2038 188 2058 coi
203 2038 302 2062 dankm-

88 2064 142 2084 nelle
183 2064 303 2085 manifesta·

325 212 390 254 672
753 215 1104 244 EPISTOLARIO

856 433 1004 468 XXIIII.

774 506 825 539 AL
849 515 1022 539 unozsmo
1033 505 1079 540 (¹).

326 585 370 619 [R.
391 583 474 611 Arch.
494 583 520 610 di
541 583 618 610 Statu
637 583 664 609 in
684 582 784 617 Lucca,
805 582 924 610 Governo
944 582 971 609 di
990 582 1018 610 P.
1040 582 1156 618 Guinigi,
1177 582 1272 610 Leuca
1290 591 1306 610 a
1331 582 1366 610 G.
1392 581 1533 618 Mansraedt,

397 633 455 660 filza
476 641 518 668 29,
537 631 686 668 autografa.
725 632 747 659 ll
767 631 895 668 suggello
914 640 977 659 reca
993 631 1018 659 la
1033 638 1102 659 testa
1119 631 1183 659 d’un
1200 631 1308 659 filosofo
1328 631 1462 668 barbato-1

550 711 676 756 Insigni
700 711 771 745 viro
795 722 846 745 ser
869 710 1013 745 Guidoni
1039 710 1079 745 de
1103 711 1311 745 Petrasancta
1564 722 1583 756 5

348 771 536 806 cancellario
553 783 596 804 m.
615 770 740 804 domini
757 771 821 804 mei
841 770 977 804 civitatis
998 770 1127 804 Lucane
1144 769 1230 804 fratri
1251 770 1389 814 optimo·
1435 769 1512 805 .Co.

389 861 550 884 xumrTok
566 850 776 895 presentium,
793 850 842 883 vir
856 849 1001 895 insignis,
1021 847 1117 882 frater
1135 858 1168 883 et
1186 849 1289 882 amice
1309 848 1485 889 karissime,
1499 858 1535 882 se

328 859 386 944 E
400 909 567 954 profitetur
587 909 751 954 anglicum
772 908 914 949 natione,
930 907 1018 953 quod
1034 907 1146 952 lingua
1160 918 1220 941 sua
1233 907 1310 941 satis
1326 905 1536 941 manifestum

326 968 399 1003 facit
414 978 446 1002 et
461 967 568 1003 credo.
617 980 658 1002 an
671 977 792 1008 autern,
806 976 841 1001 ut
853 967 973 1008 asserit,
987 966 1193 1000 Teucrorum
1207 965 1383 1000 carceribus
1399 965 1538 1000 emissus

325 1028 376 1067 sit,
397 1037 431 1061 ut
451 1027 491 1061 de
511 1026 717 1072 quorundam
739 1025 897 1060 nobilium
918 1025 1142 1068 redemptione
1166 1033 1324 1068 procuret,
1344 1023 1418 1058 licet
1440 1023 1537 1065 dicat,
1569 1033 1609 1058 10

325 1087 453 1131 ignoro.
501 1085 629 1120 habitus
652 1094 762 1119 tamen
786 1083 906 1118 indicat
925 1095 1002 1118 eum
1022 1082 1170 1128 indigum
1190 1094 1250 1116 nec
1269 1081 1368 1116 michi
1389 1093 1538 1127 compet·

325 1155 397 1179 tum
427 1154 487 1186 est,
507 1154 543 1178 ut
563 1153 640 1178 sunt
664 1143 837 1178 hominum
867 1142 1037 1187 figmenta,
1057 1141 1205 1186 nunquid
1230 1140 1292 1175 hec
1318 1140 1358 1175 ad
1383 1149 1536 1186 questum

326 1203 475 1238 ordinata
504 1204 578 1237 sint.
633 1204 665 1236 in
691 1202 790 1236 dubio
814 1211 923 1235 tamen
955 1200 1148 1235 humanitati
1180 1198 1364 1234 cedendum
1394 1198 1536 1234 arbitror.

326 1271 496 1308 eapropter
518 1263 626 1306 ipsum
651 1260 708 1295 tibi
733 1272 788 1306 per
811 1260 874 1294 Dei
894 1258 1148 1294 misericordiam
1177 1257 1423 1293 recommendo.
1469 1257 1540 1292 feli-

328 1322 405 1356 citer
425 1321 512 1355 enim
542 1320 700 1365 decipitur
729 1320 783 1364 qui
809 1318 1066 1364 pseudopauperi
1091 1317 1242 1352 subvenit
1265 1326 1395 1362 propter
1413 1317 1535 1351 Deum.
1569 1325 1606 1360 15

329 1380 368 1414 de
392 1380 603 1420 humanitate,
634 1390 733 1424 quam
761 1390 837 1422 erga
866 1377 1068 1412 Bonifacium
1103 1375 1284 1416 ostendisti,
1309 1376 1426 1420 gratias
1459 1386 1534 1420 ago.

328 1439 409 1473 vale.
458 1438 632 1478 florentie,
653 1447 733 1471 .vm.
753 1436 826 1471 idus
845 1435 1036 1470 decembris.

396 1497 491 1531 Tuus
516 1496 671 1532 Colucius
690 1507 795 1536 ‚manu
820 1495 957 1540 propria.

882 1626 991 1661 XXV.

530 1703 559 1736 A
583 1701 756 1736 vazmm
781 1700 1012 1735 Convensamo
1037 1710 1080 1732 m
1107 1698 1323 1734 Rumam
1565 1713 1609 1738 20

834 1772 893 1808 [R¹,
913 1781 937 1800 c.
960 1772 1036 1808 ιιι]

618 1850 757 1885 Iohanni
781 1849 821 1884 de
845 1849 1002 1884 Ravenna
1027 1848 1252 1884 Conversano.

414 1935 445 1958 m
460 1923 607 1968 insignis,
622 1922 717 1956 frater
734 1921 869 1966 optime,
891 1921 993 1954 amice
1013 1920 1190 1955 karissime.
1238 1931 1305 1954 non
1325 1930 1374 1955 est
1392 1921 1538 1955 amicicia

331 1932 410 2017 V
426 1982 562 2016 colenda
585 1980 784 2021 muneribus,
809 1991 876 2014 non
898 1979 930 2012 in
951 1979 1018 2023 ipsa
1039 1979 1121 2013 ratio
1141 1989 1190 2013 est
1209 1979 1352 2014 utilitatis
1376 1979 1540 2021 habenda,
1563 2018 1565 2021 ,

330 2042 386 2076 sed
406 2041 516 2075 officio
536 2050 632 2085 atque
652 2038 823 2073 affectione
844 2036 1032 2072 certandum
1053 2037 1164 2071 amicis
1178 2047 1237 2072 est.
1283 2047 1319 2072 tu
1334 2037 1432 2072 michi
1447 2049 1541 2072 men·
1569 2052 1609 2086 25

387 2139 408 2162 5.
424 2132 478 2155 Coei
493 2138 508 2153 a
523 2134 593 2159 tergo
607 2129 816 2158 dell'autografo.
872 2134 911 2155 ²⁴·
927 2127 984 2150 eod.
999 2127 1133 2150 mulieribus

367 2207 411 2242 (1)
430 2206 451 2233 E
472 2205 498 2232 di
512 2211 609 2241 questo
621 2204 745 2240 viglietto
765 2211 831 2239 pure
846 2202 915 2229 altro
961 2201 1064 2229 l’abbia
1082 2208 1251 2229 conservata.
1278 2199 1346 2230 Essa
1359 2201 1387 2228 vi
1399 2201 1423 2229 si
1435 2201 1542 2229 rinvien

331 2258 388 2277 non
408 2250 530 2284 possiam
546 2248 602 2275 dire
615 2256 711 2275 senon
728 2246 779 2274 che
795 2247 810 2273 ὲ
827 2253 915 2281 poste-
960 2244 1046 2272 difatti
1066 2245 1153 2272 vicina
1181 2245 1215 2272 ad
1235 2244 1350 2281 epistole
1371 2244 1421 2271 che
1439 2252 1488 2280 per
1506 2243 1542 2272 si-

331 2293 403 2319 riore
421 2291 448 2318 al
470 2299 545 2324 1400.
962 2289 1016 2316 curi
1036 2288 1118 2315 indixi
1137 2287 1266 2315 abbiamo
1285 2287 1422 2315 attribuite
1444 2295 1461 2314 a
1478 2286 1545 2324 que}

368 2335 411 2370 (2)
431 2334 619 2370 Assegniamo
633 2339 729 2369 questa
747 2331 873 2360 letterina
889 2331 915 2359 al
960 2337 1043 2359 tomo
1061 2331 1089 2358 di
1106 2338 1217 2367 tempo;
1236 2330 1269 2359 cf.
1289 2330 1333 2357 lib.
1359 2330 1407 2363 xl,
1431 2338 1492 2367 epp.
1512 2337 1541 2365 V,

337 2386 408 2412 1400
426 2378 497 2405 circa
526 2376 693 2404 fondandoci
707 2376 750 2403 sul
763 2376 849 2411 luogo
864 2375 916 2402 che
961 2382 1008 2407 113
1036 2383 1080 2411 pp.
1109 2382 1160 2410 342
1187 2382 1203 2400 e
1233 2381 1279 2409 375
1310 2373 1337 2400 di
1365 2379 1464 2410 questo
1492 2381 1542 2400 vo-

336 2430 396 2449 essa
415 2421 452 2448 ha
470 2421 499 2448 in
518 2419 565 2454 R¹‚
580 2420 660 2447 unico
672 2419 851 2446 manoscritto
865 2418 915 2446 che
961 2417 1045 2444 lume.
