1682 2762
145 366 172 387 Se
190 366 246 387 nella
265 371 332 386 mente

119 393 188 414 divina
201 394 332 421 preesistono

120 420 140 440 le
155 420 222 440 forme
236 421 301 448 prime
312 420 333 440 di

119 452 173 468 tutte
193 447 213 467 le
235 454 292 472 cose,
312 448 333 467 in

120 480 166 494 essu
187 475 199 494 ὲ
217 474 242 494 ab
261 479 332 494 eterno

119 501 222 521 destinato
246 501 283 521 :he
304 504 332 520 uu

119 528 224 548 individuo
240 528 270 548 sin
291 534 332 547 ma-

119 555 184 579 sebio,
218 561 245 575 un
281 554 333 574 altro

119 581 223 602 femminn.

148 949 194 977 Egli
204 950 215 969 ὲ
225 949 296 969 inutile
307 949 332 969 ri-

121 983 189 997 εει-επ
203 976 260 1003 iungi
279 976 333 996 dalla

121 1005 186 1030 prima
209 1010 270 1023 causa
290 1003 305 1023 1¹
313 1010 332 1023 e-

121 1031 245 1057 splicazione
255 1030 275 1050 di
285 1036 334 1057 que-

121 1062 162 1081 sto.
174 1064 233 1077 come
249 1057 269 1077 di
283 1058 333 1084 ogni

121 1084 173 1104 nltro
179 1084 292 1104 fenomenn
299 1091 334 1104 ua-

121 1111 194 1131 turale.

143 1138 246 1158 Gi-mmni
254 1138 333 1158 Aristo-

121 1165 162 1185 tele
170 1165 224 1185 disse
235 1165 267 1185 del
278 1170 333 1185 resto

121 1192 159 1212 che
188 1191 207 1212 1·
235 1191 334 1212 femminn

122 1219 178 1239 fosse
203 1225 230 1238 un
255 1223 334 1238 mostro

121 1246 142 1266 di
158 1250 242 1270 mturn;
263 1250 335 1272 queste

121 1279 160 1293 son
179 1273 284 1299 ignoranti
297 1272 336 1292 fin-

121 1299 176 1320 zioni
210 1300 229 1319 d'
245 1299 335 1326 imperiti

122 1327 292 1347 commentator-i.

148 1353 181 1373 Ne
196 1353 213 1373 si
234 1354 275 1380 pue
293 1353 335 1373 dire

123 1380 160 1400 che
175 1386 210 1407 per
227 1385 300 1400 mtur-
315 1380 335 1400 Ιι

122 1407 191 1427 donna
205 1407 269 1427 debbn
278 1413 335 1427 esser

122 1440 146 1454 so
163 1433 334 1460 gem-namnam

123 1441 197 1488 poiche
213 1461 246 1480 cio
262 1461 273 1480 ὲ
287 1467 336 1481 con-

123 1494 226 1514 seguenzn
248 1487 281 1507 del
306 1488 336 1507 di·

123 1515 172 1534 vino
186 1515 281 1542 castigo;

123 1591 337 1637 2122‘3‘2‘2'25122‘322‘3

124 1645 187 1664 trista
197 1644 217 1664 la
224 1644 337 1668 femminu

124 1671 220 1725 5²32:
230 1671 338 1718 Ἓῗέξέηῗέ

125 1724 165 1745 nll-
188 1731 224 1745 sun
245 1725 302 1752 prole
317 1725 338 1745 in

112 1751 221 1798 ,zualsiasl
269 1753 338 1779 specie

140 1778 231 1798 'enim-li
244 1786 250 1803 ;
277 1785 288 1799 e
315 1785 338 1799 se

125 1805 178 1825 della
192 1812 249 1825 razn
262 1812 338 1826 umnnn

126 1832 142 1852 si
153 1833 219 1856 tratti,
230 1839 270 1852 una
280 1832 339 1853 volta

126 1859 144 1879 le
163 1859 276 1880 Amazoni
294 1866 339 1879 mo·

126 1887 225 1906 strat-ensi
243 1887 275 1906 dei
296 1893 339 1906 ma-

126 1913 169 1933 schi
175 1913 209 1940 piu
214 1913 311 1939 vigorosa
315 1913 340 1933 ed

127 1941 177 1967 oggi
184 1947 260 1960 ancora
267 1947 339 1967 presso

128 1972 183 1987 certe
206 1967 294 1991 unioni,
319 1968 340 1987 in

127 1993 213 2014 Francia
234 1995 259 2014 nd
275 2001 340 2014 esem-

126 2021 161 2066 pio
171 2021 196 2040 ed
211 2022 231 2040 in
245 2021 339 2049 lap-gna.

135 2054 146 2067 e
161 2048 229 2067 donne
240 2048 340 2068 levor-uo

128 2081 139 2094 e
159 2075 193 2094 coi
214 2074 273 2095 fructi
287 2075 340 2095 delle

127 2101 174 2121 loro
203 2100 278 2122 fatiche
304 2101 340 2122 nli-

127 2133 224 2149 menuno
242 2129 249 2149 i
263 2129 339 2155 mariti,

361 238 426 271 594

784 236 1128 265 EPISTOLARIO

368 364 489 404 dicunt,
509 364 541 397 in
562 372 670 397 mente
687 363 796 397 divina
808 364 852 404 (¹),
866 365 1004 398 rationes
1020 363 1169 398 videlicet
1180 373 1212 398 et
1227 363 1430 408 exemplaria,
1447 375 1561 397 secun-

365 421 443 456 dum
458 434 520 466 que
539 431 652 455 cuncta
667 421 878 466 proculdubio
890 432 1094 467 generantur,
1111 421 1153 455 ibi
1168 422 1328 466 colligitur
1347 430 1380 455 et
1398 421 1436 455 ab
1449 430 1562 455 eterno

366 480 613 514 determinatum
633 489 681 513 est
699 481 769 524 quis
790 481 951 514 masculus
971 490 1024 515 aut
1043 479 1164 514 femina
1183 479 1296 514 debeat
1319 479 1474 524 generari.
1522 478 1562 512 ad

361 538 439 571 illud
463 549 569 571 rerum
594 538 743 571 omnium
771 538 963 583 principium
988 547 1102 572 cuncta
1132 538 1305 582 respiciunt
1328 547 1360 571 et
1390 546 1503 571 natura
1531 546 1563 571 et

361 596 477 630 exinde
501 597 669 631 trahuntur
687 608 878 641 quecunque
898 596 1047 631 videmus
1067 598 1148 630 circa
1168 606 1271 630 creata
1290 596 1491 640 contingere,
1510 595 1563 629 vel

363 655 425 688 dici
447 664 564 699 potest,
585 655 682 689 etiam
706 655 731 688 si
755 667 824 688 non
843 655 1031 696 viderimus,
1051 655 1246 699 contigisse;
1271 654 1308 688 ab
1333 654 1387 688 illo
1410 665 1562 698 supremo

362 713 517 758 principio
541 713 702 747 masculus
726 724 898 748 sumuntur
922 723 954 748 et
977 713 1118 755 femina;
1143 714 1206 747 illic
1237 713 1476 757 distinguuntur
1494 722 1563 747 tam

361 770 616 808 individuatione
639 782 737 816 quam
761 783 840 805 sexu
864 771 1035 815 singularia
1055 780 1170 804 cuncta

531 857 595 889 Que
614 858 676 890 sint,
695 866 748 893 que
767 857 874 889 fuerint,
893 865 946 893 que
965 865 1029 884 mox
1048 862 1162 884 ventura
1180 857 1322 884 trahentur
1331 856 1374 883 (²).

361 947 485 988 frustra,
501 947 593 981 crede
609 947 716 989 michi,
730 947 890 981 rationem
907 947 989 980 hanc
1003 948 1079 980 citra
1095 947 1232 991 primam
1246 958 1375 981 causam
1396 946 1563 980 conaberis

362 1006 508 1051 reperire,
535 1017 609 1040 cum
633 1006 666 1039 in
687 1006 809 1040 cunctis
837 1006 904 1039 aliis
928 1005 1026 1039 nichil
1050 1004 1134 1039 aliud
1158 1005 1211 1039 vel
1235 1005 1323 1039 aliter
1354 1004 1500 1039 futurum
1523 1005 1564 1038 sit

361 1077 458 1109 quam
477 1065 509 1098 iu
535 1065 587 1098 illa
610 1064 769 1108 prefixum
789 1064 827 1098 ab
847 1074 958 1099 eterno
978 1074 1036 1098 est.
1082 1063 1237 1098 feminam
1250 1073 1360 1098 autem
1379 1072 1563 1101 monstrum

362 1135 431 1157 esse
455 1135 621 1168 nunquam
647 1123 731 1167 apud
754 1123 960 1156 Aristotelem
977 1123 1093 1167 legisse
1117 1123 1329 1156 commemini
1349 1133 1409 1156 nec
1432 1121 1562 1156 illorum

363 1181 513 1226 aliquem,
524 1181 579 1225 qui
592 1180 699 1214 crebra
712 1180 878 1228 mendacia
891 1181 934 1214 illi
946 1180 1052 1214 solent
1066 1180 1245 1224 imponere,
1256 1179 1446 1214 crediderim
1457 1190 1563 1224 reper-

363 1249 470 1273 turum
478 1239 522 1273 (³).

570 1251 683 1273 verum
698 1239 809 1273 dicunt
825 1239 925 1273 nostri
938 1239 1091 1283 temporis
1106 1238 1229 1284 physici
1246 1238 1306 1272 hec
1321 1247 1353 1272 et
1373 1237 1434 1272 alia
1450 1237 1563 1279 multa,

363 1309 426 1342 que
442 1307 554 1342 putant
569 1297 686 1331 dixisse
710 1298 735 1330 P
745 1297 765 1330 h
775 1298 784 1330 i
796 1297 834 1330 lo
844 1309 859 1330 s
869 1309 890 1330 o
899 1309 919 1341 p
931 1297 951 1330 h
961 1310 981 1330 u
991 1309 1035 1338 m,
1055 1308 1195 1341 quorum
1212 1307 1279 1330 non
1295 1305 1427 1340 possent
1443 1294 1563 1340 aliquid

363 1356 444 1389 inter
467 1355 670 1389 Aristotelica
693 1355 923 1389 demonstrare.

971 1355 1058 1400 quod
1078 1364 1187 1388 autem
1211 1354 1288 1388 dicis
1313 1363 1462 1388 naturam
1481 1353 1564 1388 velle

364 1425 488 1448 marem
511 1414 631 1447 femine
655 1413 825 1453 dominari,
849 1414 916 1447 scio
941 1424 1008 1447 non
1033 1425 1102 1446 esse
1127 1413 1166 1447 de
1185 1413 1257 1457 lege
1282 1422 1405 1454 nature,
1428 1412 1495 1453 sed,
1508 1410 1565 1446 dif-

363 1472 496 1506 finiente
520 1473 604 1512 Deo,
629 1471 823 1516 supplicium
849 1471 950 1516 culpe.

997 1482 1063 1506 erat
1086 1471 1174 1505 enim
1198 1471 1237 1504 ab
1252 1471 1344 1505 initio
1369 1471 1441 1504 viro
1464 1471 1564 1511 socia,

364 1542 427 1575 que
444 1542 522 1563 mox
535 1529 595 1563 fuit
606 1541 697 1563 serva
709 1530 814 1563 mariti
828 1539 902 1574 post
917 1530 1176 1574 transgressionis
1195 1529 1318 1563 facinus
1335 1527 1563 1563 constitutam.

365 1600 424 1622 nec
458 1588 543 1622 dicas
568 1588 749 1621 masculum
779 1587 953 1621 femineam
978 1589 1095 1622 nutrire
1125 1587 1300 1622 molliciem
1334 1597 1427 1632 atque
1459 1595 1564 1620 natos.

365 1647 483 1691 primas
500 1658 639 1691 namque
658 1646 840 1680 nutritionis
855 1655 968 1691 partes,
987 1646 1194 1680 lactationem
1214 1645 1347 1686 scilicet,
1362 1654 1429 1679 tam
1452 1653 1565 1678 natura

366 1717 461 1750 quam
486 1705 575 1749 leges
599 1705 714 1738 volunt
741 1705 779 1738 ad
804 1706 914 1739 matris
938 1704 1084 1739 officium
1103 1705 1272 1749 pertinere.

366 1762 427 1795 hec
449 1772 504 1796 tua
527 1771 638 1796 nature
656 1762 766 1807 regula
789 1762 954 1807 quondam
973 1763 1007 1796 in
1030 1761 1262 1802 Amazonibus,
1285 1773 1348 1806 que
1366 1773 1434 1795 non
1458 1760 1564 1795 solum

367 1833 435 1856 non
459 1821 679 1856 nutriebantur
711 1833 728 1855 a
752 1822 910 1862 masculis,
934 1821 991 1855 sed
1014 1823 1110 1855 armis
1140 1834 1236 1856 suurn
1260 1821 1322 1855 late
1352 1828 1565 1866 propagantes

367 1883 548 1927 imperium,
565 1892 668 1916 semet
687 1882 794 1916 labore
813 1882 942 1926 proprio
961 1891 993 1916 et
1008 1883 1144 1926 sumptis
1164 1881 1204 1916 de
1222 1881 1298 1915 viris
1318 1881 1427 1926 spoliis
1445 1879 1565 1914 nutrie-

369 1940 445 1974 bant
476 1950 508 1974 et
530 1941 617 1985 ipsos
641 1939 758 1974 finibus
782 1940 847 1973 suis
870 1939 1024 1984 pellentes
1047 1939 1081 1973 in
1107 1939 1323 1974 masculorum
1349 1938 1441 1973 sedes
1464 1946 1566 1972 marte

369 2011 405 2032 ac
424 1999 541 2032 viribus
563 1998 829 2043 commigrabant.
873 1999 1002 2043 respice,
1022 1998 1048 2031 si
1063 1997 1171 2032 forsan
1188 1998 1317 2042 antiqua
1336 2009 1403 2031 non
1420 2005 1567 2037 movent,

370 2058 520 2103 hispanas
544 2067 575 2092 et
599 2058 726 2102 gallicas
751 2058 912 2098 nationes3
936 2057 979 2090 ibi
1002 2069 1143 2102 namque
1167 2057 1329 2097 mulieres,
1349 2056 1467 2090 ociosis
1481 2055 1568 2096 viriS,

422 2190 456 2207 1².
471 2184 489 2205 Α
503 2183 586 2213 qnod?
644 2182 676 2205 16.
690 2182 709 2205 Α
724 2187 801 2211 putent

402 2291 445 2325 (1)
465 2290 509 2318 Cf.
529 2290 592 2318 C1c.
613 2291 687 2318 Orat.
707 2290 753 2317 111.

365 2381 435 2402 testo
456 2385 470 2399 «
480 2375 621 2402 trahantur
630 2385 655 2402 ».

401 2416 443 2452 (3)
463 2417 555 2444 Infatti
578 2417 717 2445 Aius-ror.
737 2417 875 2453 Metaphys.
895 2417 943 2450 IX,

866 2189 899 2205 21.
915 2182 933 2204 A
949 2181 1054 2205 feminam

1118 2189 1155 2211 27.
1170 2181 1200 2204 1²¹
1215 2183 1283 2205 cedes

1319 1701 1437 1738 defecit
1456 1695 1565 1738 autem

989 2297 1029 2323 1x‚
1039 2291 1158 2317 sostiene
1170 2289 1266 2317 invece
1277 2295 1460 2325 apertameute
1479 2288 1529 2316 che
1539 2288 1566 2315 la

402 2333 554 2368 (2)V1-:RG.
581 2333 673 2368 Georg.
693 2333 740 2366 IV,
765 2341 827 2368 393;
854 2342 899 2360 ma
924 2333 944 2359 il
989 2331 1081 2358 donna
1103 2331 1256 2367 appartiene
1285 2331 1338 2358 alla
1365 2336 1450 2359 stessa
1475 2330 1566 2367 specie

988 2374 1155 2402 dell'uomo.

1025 2417 1068 2452 (4)
1089 2416 1130 2444 cf.
1152 2416 1236 2444 Gerus.
1257 2415 1305 2449 111,
1327 2415 1368 2443 16.

1595 957 1635 981 10

1595 1249 1634 1282 15

1593 1833 1635 1867 25
