1682 2762
92 850 132 875 10

75 1139 127 1173 ,15

85 1426 127 1451 20

443 198 492 224 DI
525 197 787 226 COLUCCIO
823 198 1078 226 SALUTATI
1286 201 1348 235 251

163 330 303 364 namque
323 319 403 353 circa
433 318 536 352 bonos
560 328 592 353 et
614 319 775 353 virtuosos
798 328 887 354 actus
917 321 1063 365 occupati
1087 329 1171 362 sunt,
1197 333 1271 355 cum
1294 321 1350 363 eis,

163 375 278 421 quibus
301 384 378 416 tota,
409 377 552 410 maxima
585 376 638 410 vel
662 388 780 421 magna
803 377 868 410 vite
897 388 968 422 pars
997 377 1139 419 elabitur,
1163 379 1352 413 numerandi

163 445 231 468 non
254 443 338 468 sunt.
385 434 411 467 si
440 446 518 468 vero
546 424 629 468 'circa
656 444 795 479 peccata,
815 435 878 469 hoc
901 444 949 469 est
972 435 1187 470 deformitates
1211 446 1352 479 actuum,

162 502 369 537 occupantur,
384 504 494 526 nonne
510 504 584 526 cum
599 493 727 526 viciosis
742 493 929 528 recensendi
947 494 1045 528 sunt?
1089 506 1202 529 omnes
1221 495 1352 540 quidem

162 560 250 584 actus
274 550 470 591 mortalium,
493 550 648 595 quoniam
683 551 800 595 aliquid
835 560 920 591 sunt,
944 551 1020 585 boni
1047 553 1116 586 sine
1141 552 1239 586 dubio
1262 562 1349 594 sunt;

160 608 275 654 quibus
297 609 323 641 si
348 609 646 642 circunstantiarum
681 608 859 643 debitarum
894 609 1013 654 aliquid
1048 610 1138 651 desit,
1162 611 1236 646 licet
1263 620 1351 646 actus

159 667 279 711 peccati
303 667 366 700 sint
389 676 421 700 et
444 667 478 700 in
503 678 543 700 eo
573 666 661 711 quod
686 676 785 708 actus,
809 667 992 702 naturaliter
1015 667 1102 709 boni,
1127 669 1289 704 moraliter
1307 680 1352 705 ta-

159 736 235 758 men
254 735 272 757 a
296 724 437 761 bonitate
460 724 643 758 deficientes
662 724 737 758 mali
756 734 840 759 sunt.
887 736 963 758 nam
986 736 1060 759 cum
1088 726 1211 760 malum
1230 727 1270 761 sit
1287 729 1350 772 pri-

159 782 246 816 vatio
270 782 358 823 boni,
380 794 447 816 non
471 783 587 817 enn'tas
611 783 714 828 aliqua
736 782 788 817 vel
807 791 929 824 natura,
953 782 1041 817 bono
1064 783 1195 828 quidem
1214 786 1349 830 opponi-

158 848 210 874 tur
232 839 394 883 privative.
446 839 551 874 nullus
575 840 712 873 omnino
736 848 784 874 est
811 849 910 880 actuS,
933 840 988 884 qui
1013 840 1175 875 moraliter
1198 841 1259 875 dici
1282 854 1349 877 non

157 897 271 932 debeat
293 898 397 932 malus
416 907 471 932 aut
494 898 607 932 bonus.
654 909 721 932 non
745 899 831 932 enim
854 909 917 942 que
940 909 996 942 per
1018 899 1232 933 excusabilem
1255 901 1349 945 igno-

157 957 305 998 rantiam,
329 965 448 990 etatem
473 956 524 990 vel
558 956 756 990 dementiam
790 957 1036 991 committuntur
1070 958 1234 992 moraliter
1265 959 1350 993 mala

157 1026 224 1049 non
249 1023 335 1055 sunt,
359 1015 514 1059 quoniam
542 1015 574 1049 in
602 1013 703 1048 finem
726 1014 871 1049 debitum
895 1015 1012 1050 directa
1035 1027 1102 1050 non
1126 1016 1252 1058 fuerint,
1276 1017 1350 1052 licet

155 1072 229 1106 talia
250 1073 490 1106 committentes
513 1072 575 1106 dici
597 1071 735 1106 debeant
752 1071 822 1106 sine
841 1072 943 1116 culpa.
988 1083 1055 1117 quo
1074 1072 1121 1114 fit,
1140 1082 1176 1108 ut
1190 1075 1268 1108 istos
1283 1075 1349 1109 suis

156 1130 209 1164 vel
238 1130 414 1164 amicorum
441 1130 585 1175 negociis
614 1139 669 1164 aut
700 1140 774 1164 cura
805 1130 858 1164 vel
881 1130 1154 1166 administratione
1177 1132 1348 1177 reipublice

156 1188 289 1229 cunctis,
313 1187 340 1220 si
362 1196 471 1221 tamen
494 1186 528 1221 id
554 1186 622 1221 fieti
645 1196 762 1232 potest,
784 1187 984 1233 temporibus
1007 1198 1180 1234 occupatos
1200 1190 1284 1225 inter
1301 1190 1348 1224 vi-

156 1246 256 1280 tiosos
287 1254 341 1280 aut
370 1245 474 1279 bonos
497 1245 538 1279 sit
561 1246 774 1279 necessarium
806 1257 984 1280 numerare.

221 1303 403 1338 Voluerunt
425 1313 534 1337 autem
557 1303 610 1337 alii
634 1303 756 1338 malum
775 1313 906 1348 agentes
930 1314 998 1337 esse
1022 1305 1075 1348 qui
1100 1305 1194 1346 male,
1214 1305 1276 1339 hoc
1300 1316 1348 1340 est

155 1360 256 1395 modo
265 1361 377 1405 inepto
387 1369 419 1394 et
433 1359 531 1400 malo,
541 1360 743 1404 philosophie
752 1361 860 1395 studio
871 1362 1061 1406 sapientiam
1073 1371 1223 1406 querunt,
1233 1362 1347 1406 quibus

154 1419 219 1453 vite
243 1419 382 1452 maxima
399 1429 469 1462 pars
489 1417 619 1453 labatur.
666 1430 818 1463 magnam
830 1431 909 1453 vero
923 1420 987 1453 vite
1003 1429 1125 1464 partem
1143 1420 1240 1454 nichil
1253 1431 1347 1464 agen-

154 1476 247 1517 tibus,
268 1477 331 1511 hoc
349 1485 397 1510 est
419 1477 452 1510 in
470 1476 672 1521 philosophie
691 1477 797 1511 studio
820 1489 887 1512 non
912 1477 1149 1522 proficientibus
1169 1489 1230 1512 nec
1247 1477 1346 1512 finem

154 1534 431 1579 consequentibus,
444 1533 506 1568 labi
523 1534 648 1576 volunt,
662 1543 766 1569 totam
780 1544 888 1569 autem
903 1535 1032 1570 effluere
1047 1536 1346 1581 philosophantibus

154 1593 242 1628 nullo
253 1592 354 1627 modo
363 1593 407 1627 (¹).
453 1604 517 1638 que
530 1592 661 1638 quidem
673 1594 731 1627 tria
743 1594 888 1628 membra
901 1594 1085 1629 reducibilia
1097 1604 1171 1629 sunt
1183 1595 1223 1629 ad
1232 1607 1345 1637 unum,

205 1696 226 1712 ι.
247 1691 264 1712 V
275 1691 306 1713 dd
320 1690 364 1713 dne
377 1691 439 1713 noue
452 1694 497 1713 tota
576 1698 602 1718 4.
617 1689 655 1713 Μ’
669 1695 789 1720 operantur
832 1690 868 1714 Μ’
889 1697 964 1714 nonne
977 1692 1069 1715 omnino
1084 1691 1163 1715 viciosi
1210 1692 1229 1715 V
1240 1692 1346 1716 virtuosi·

152 1729 174 1753 6.
186 1730 214 1759 ιί]
228 1728 264 1752 Μ’
276 1736 305 1752 ex
359 1737 382 1758 7.
397 1730 454 1760 nint]
468 1729 503 1752 A?
518 1729 547 1752 sit
560 1731 656 1753 cancell.
670 1737 684 1752 e
697 1731 783 1759 quand!
793 1734 838 1753 stat
874 1731 948 1760 quod]
964 1731 1000 1754 Me
1013 1731 1103 1761 quidem
1151 1731 1262 1755 Vomette
1271 1736 1346 1755 tamen

153 1777 176 1800 9.
196 1772 218 1792 V
228 1769 335 1793 natur-li:
377 1769 412 1792 Μ*
425 1777 469 1800 per
482 1771 543 1792 bono
557 1769 588 1792 dcl
603 1771 661 1794 bone
730 1777 766 1795 ιο.
784 1771 803 1793 V
813 1770 871 1799 priv.
887 1775 911 1794 ut
925 1771 1018 1794 omnino
1032 1777 1077 1794 non
1087 1772 1116 1794 tlt
1125 1776 1170 1795 aet.
1240 1778 1271 1795 ιι.
1287 1773 1345 1802 non]

159 1811 177 1832 V
189 1817 240 1833 nam
297 1816 320 1833 n
343 1810 364 1832 P
374 1810 518 1833 clemenciam
566 1811 584 1833 V
595 1810 647 1833 mli
702 1817 738 1840 ¹³·
759 1811 778 1834 V
788 1810 881 1834 suerunt
945 1818 980 1841 ¹5.
995 1811 1031 1834 Μ’
1046 1812 1071 1834 in
1086 1812 1159 1842 luogo
1172 1812 1296 1842 delpru‘no
1310 1813 1345 1835 vel

152 1850 184 1874 dd
197 1855 236 1874 aut
272 1851 311 1873 LS
321 1850 353 1873 da
363 1851 388 1873 In
396 1857 483 1874 rama
494 1851 528 1873 vel
538 1851 636 1880 dlnanzi
643 1851 676 1873 ad
683 1851 765 1874 adnun-
775 1858 789 1874 e
803 1851 837 1874 Γι
847 1852 875 1874 dd
881 1854 964 1881 questa
972 1853 1065 1881 pamla.
1153 1859 1190 1875 ao.
1202 1851 1238 1875 Μ’
1252 1852 1347 1875 elabitur

153 1896 187 1913 ai.
202 1889 239 1913 Μ’
253 1890 445 1919 proficiscentibus
498 1896 536 1920 ⁸3-
550 1890 591 1919 nd]
606 1889 642 1913 M*
654 1890 755 1914 M’Pin

772 1987 787 2003 α
799 1977 910 2011 tibus,
927 1977 995 2004 idest
1014 1976 1085 2005 male
1104 1982 1131 2004 et
1149 1977 1237 2013 inepte
1257 1977 1346 2014 inqui—

771 2029 785 2044 α
799 2018 917 2046 rentibus
955 2019 1113 2055 sapientiam
1147 2027 1194 2055 per
1227 2019 1346 2054 philoso-

186 1976 229 2012 (1)
248 1975 315 2004 Cosl
332 1975 359 2003 la
377 1984 493 2012 penaava
512 1975 552 2003 fra
570 1976 725 2004 Domenico

151 2018 186 2046 da
203 2018 336 2046 Peccioli:
363 2028 376 2043 ι
389 2018 551 2045 Dominicus
570 2018 604 2045 de
621 2018 724 2046 Pesulis

152 2070 166 2085 ι
180 2060 288 2097 pisanus
306 2059 407 2087 ordinis
434 2059 547 2087 fratrum
571 2060 724 2088 Predicato·

151 2112 166 2127 α
180 2110 250 2136 rum,
259 2110 348 2129 rerum
354 2101 506 2129 divinarum
513 2101 685 2130 doctissimus
691 2123 710 2130 ..
716 2123 723 2130 .

152 2153 167 2169 α
179 2143 271 2171 scribit
282 2143 362 2170 huius
371 2149 459 2170 textus
468 2143 604 2180 duplicem
614 2152 724 2171 sensum

153 2195 167 2211 ι
181 2193 247 2213 esse.
284 2191 330 2213 aut
348 2185 421 2213 enim
435 2185 540 2212 Seneca
554 2185 678 2222 intelligit
690 2186 723 2214 de

153 2237 167 2252 α
180 2227 347 2254 studentibus
365 2227 535 2263 philosophie
551 2234 596 2255 aut
615 2228 647 2256 de
665 2237 724 2256 om-

153 2278 168 2293 «
180 2268 257 2296 nibus
272 2268 423 2296 hominibus
436 2270 620 2306 cuiuscunque
631 2276 723 2298 status.

153 2320 168 2335 ι
183 2310 206 2338 si
214 2311 354 2346 primo,sie
361 2317 401 2339 est
407 2312 562 2339 dicendum:
576 2321 604 2340 m
611 2321 625 2340 a
632 2322 648 2339 x
657 2314 700 2340 im
707 2321 723 2339 a

153 2362 168 2378 α
181 2361 258 2388 pars
272 2354 344 2381 vite
362 2353 495 2381 labitur
513 2354 602 2382 male
619 2363 722 2392 agen-

770 2071 784 2086 «
799 2061 899 2097 phiam.
936 2069 1059 2096 magna
1081 2069 1158 2096 pars
1182 2061 1254 2088 vite
1272 2060 1345 2088 ela-

770 2113 784 2128 «
798 2103 890 2130 bitur
908 2102 957 2129 nil
974 2102 1175 2137 agentibus,
1188 2101 1257 2129 idest
1267 2102 1344 2130 nullo

769 2156 784 2171 α
797 2146 880 2173 modo
888 2145 1139 2181 philosophantibus
1145 2153 1195 2172 nec
1203 2143 1344 2180 proficien-

770 2198 784 2213 κ
798 2187 904 2215 tibusin
915 2186 1095 2223 philosophia.
1133 2192 1222 2219 tota,
1240 2185 1344 2213 seilicet

770 2240 784 2255 α
798 2230 860 2261 vita,
884 2229 1014 2256 labitur
1041 2228 1135 2256 aliud
1164 2228 1229 2263 [cod.
1257 2227 1344 2263 male]

770 2282 784 2297 α
798 2271 992 2308 agentibus,
1011 2270 1078 2298 idest
1099 2270 1171 2297 aliud
1190 2279 1206 2297 a
1224 2270 1345 2306 philoso-

769 2323 783 2338 α
798 2313 868 2348 phia,
891 2312 960 2339 sicut
980 2318 1043 2339 sunt
1060 2312 1231 2339 intendentes
1259 2311 1344 2345 viciis,

768 2365 782 2381 α
796 2364 849 2391 que
868 2355 939 2382 vicia
953 2361 1015 2382 sunt
1031 2354 1104 2382 aliud
1120 2363 1136 2382 a
1154 2353 1343 2390 philosophia.

1400 1310 1454 1332 Alta-i
1467 1317 1479 1332 ι
1489 1311 1521 1332 lor
1529 1311 1587 1333 volta

1391 1338 1508 1359 ‘udimono
1549 1338 1586 1359 che

1390 1371 1452 1385 emeca
1462 1364 1543 1386 volesne
1557 1364 1587 1386 nl-

1374 1391 1540 1445 ἷῖἶῧῖἓοῖῗῗί
1548 1391 1586 1439 2¹:

1374 1445 1446 1492 553²:
1451 1445 1585 1492 ἓῗιῗῖιέῗὲ

1374 1498 1408 1521 ἧι.
1424 1498 1491 1518 nicetae
1506 1498 1586 1519 dicente

1374 1525 1446 1552 perdet
1459 1524 1479 1545 la
1492 1525 1586 1552 maggior

1373 1556 1431 1578 paru
1459 1551 1512 1572 den·
1541 1551 1585 1572 vlt·

1374 1631 1430 1652 dom
1447 1638 1454 1656 3
1486 1632 1584 1659 perdetne

1373 1664 1414 1678 m
1431 1662 1488 1685 parte
