1682 2762
111 843 150 867 10

111 1131 146 1163 15

106 1421 149 1445 20

107 1709 145 1743 25

450 194 498 221 D1
527 191 790 221 commem
821 189 1093 219 SALUTATI.
1299 188 1364 223 237

177 319 259 352 latus
282 319 315 352 in
346 329 427 359 aere,
450 318 534 351 sicut
562 317 631 351 vult
653 317 787 361 Sapiens
801 316 846 357 (ι),
869 327 980 350 nonne
1003 316 1146 360 poeticus
1165 314 1268 348 Encas
1291 325 1366 348 cum

177 387 284 417 secus,
423 420 522 447 Incerti
541 428 595 455 quo
614 419 667 446 fata
680 419 775 452 ferant,
793 419 838 445 ubi
857 419 947 446 sistere
963 419 1048 451 detur,

425 517 539 544 Diversa
558 517 636 543 exilia
655 522 682 544 et
699 516 816 544 desertas
831 524 943 552 querere
959 521 1043 543 terras
1057 515 1101 548 (²),

177 601 288 635 divum
313 601 373 635 acti
397 600 546 641 consiliis,
570 611 587 632 a
610 599 711 633 Troia
730 611 828 633 naves
851 599 992 640 solvunt,
1011 607 1120 643 portus
1143 607 1279 639 mutant,
1296 597 1366 631 lon-

176 670 284 704 goque
301 659 395 692 maris
411 667 512 691 tractu
532 658 605 702 vagi
619 657 811 702 profugique
827 657 866 690 de
883 657 1024 701 Phrygia
1044 665 1173 690 currunt
1188 656 1221 689 in
1241 655 1366 689 Italiam

178 726 210 750 et
231 715 518 757 abscissanLItalie
540 716 703 749 trinariam
733 715 912 759 regionem,
936 714 991 748 ubi
1020 714 1151 748 tandem
1175 713 1259 758 apud
1282 714 1366 747 Dre-

176 786 297 819 panum
319 764 441 818 patrem
474 774 590 807 amittit
612 773 715 806 Eneas
738 781 780 813 et,
805 772 903 806 veluti
934 772 1067 806 custode
1086 765 1225 813 remoto,
1247 771 1366 816 gaudet

177 832 266 877 equis
289 831 481 876 canibusque
505 839 658 864 venatum
682 842 828 875 pergens,
845 839 877 863 et
894 829 1016 863 libidini
1037 829 1176 864 deservit
1194 830 1227 863 in
1243 829 1366 873 Lybia?

177 901 238 934 que
262 900 337 923 cum
360 889 402 923 ita
431 889 495 922 sint
518 897 550 922 et
573 899 591 921 a
613 887 688 922 viris
718 887 959 932 sapientissimis
983 887 1190 927 affirmentur,
1221 887 1290 931 quis
1314 886 1366 920 vel

177 948 264 981 Enee
284 947 335 980 vel
357 946 494 991 Virgilio
520 946 612 990 culpe
634 954 795 990 presumet
813 945 978 985 ascribere,
1001 956 1063 989 que
1080 945 1186 978 videre
1207 945 1366 988 possimus

177 1016 253 1039 eum
272 1005 359 1038 iuxta
374 1016 503 1038 sensum
523 1004 729 1037 intrinsecum
747 1014 815 1036 non
830 1003 987 1037 sensisse?
1033 1002 1088 1036 sed
1113 1002 1212 1036 dices:
1238 1013 1292 1036 cur
1308 1003 1366 1036 Di-

178 1062 308 1104 donem,
333 1062 501 1096 mulierem
530 1061 852 1102 continentissimam,
882 1060 988 1104 elegit,
1021 1062 1071 1094 cui
1094 1070 1160 1094 tam
1184 1059 1365 1094 deformem

177 1120 296 1155 famam
320 1121 469 1160 inureret,
490 1119 654 1164 presertim
692 1127 801 1152 contra
834 1118 1012 1159 veritatem,
1037 1131 1112 1152 cum
1138 1116 1214 1152 illud
1244 1118 1364 1152 nedum

177 1189 245 1212 non
268 1176 372 1218 fuerit,
395 1176 451 1210 sed
475 1177 569 1210 etiam
589 1177 712 1210 ratione
734 1186 918 1220 temporum
942 1176 1121 1220 nequiverit
1146 1175 1365 1209 accidisse?(⁵)

177 1236 298 1270 etenim
317 1235 516 1279 septuaginta
535 1234 660 1268 duobus
683 1234 785 1274 annis,
805 1242 840 1268 ut
859 1234 1000 1268 Iustinus
1019 1234 1124 1268 innuit
1132 1234 1177 1275 (⁴),
1194 1243 1268 1268 ante
1288 1245 1366 1267 con—

177 1293 276 1328 ditam
299 1293 411 1326 urbem
441 1293 591 1334 Romam,
624 1291 785 1336 Carthago
818 1291 899 1326 facta
927 1301 989 1333 est;
1014 1303 1089 1325 cum
1122 1292 1204 1325 inter
1227 1291 1365 1325 deletam

176 1351 310 1385 Troiam
334 1359 366 1384 et
397 1351 536 1385 Romam
561 1349 723 1384 conditam
759 1350 1004 1390 intercesserint,
1028 1349 1142 1384 Solino
1173 1358 1263 1390 teste,
1290 1350 1366 1383 anni

175 1408 398 1454 quadringenti
414 1417 447 1442 et
460 1418 534 1442 octo
545 1407 598 1449 (5);
617 1407 690 1442 licet
709 1407 759 1440 alii
780 1408 865 1441 varie
884 1407 1086 1452 multumque
1107 1407 1287 1441 differenter
1303 1407 1366 1441 hoc

175 1477 302 1511 tempus
325 1466 497 1510 assignent,
517 1465 605 1510 quod
627 1477 695 1499 non
718 1465 846 1510 expedit
873 1476 1046 1499 recensere.
1094 1466 1143 1499 cui
1167 1465 1295 1510 quidem
1318 1475 1366 1498 ca—

175 1525 297 1558 lumnie
319 1523 580 1569 respondendum
604 1532 693 1568 puto,
717 1523 805 1568 quod
837 1522 972 1568 fingenti
1008 1532 1102 1567 poete
1138 1523 1239 1557 fuerat
1262 1523 1366 1567 aliqua

176 1582 290 1616 mulier
312 1581 516 1623 assumenda;
539 1581 593 1615 ina
608 1590 715 1615 tamen
735 1581 802 1614 visa
815 1580 1027 1622 commodior,
1043 1581 1118 1625 quia
1133 1580 1272 1622 celebris,
1292 1581 1367 1625 quia

175 1640 352 1685 propinqua
375 1641 517 1684 regione,
541 1639 615 1684 quia
645 1650 712 1672 non
746 1638 865 1673 distans
889 1639 984 1673 etiam
1009 1639 1112 1672 multo
1135 1648 1291 1683 tempore,
1320 1650 1367 1672 se·

177 1697 319 1732 cundum
340 1697 462 1742 aliquos
469 1709 479 1738 3
502 1696 640 1741 denique
659 1705 788 1741 propter
809 1706 979 1741 sequentes
998 1697 1186 1731 inimicicias
1204 1697 1239 1730 in
1261 1696 1366 1730 hono-

228 1820 250 1844 8.
267 1819 352 1843 Luscio
372 1819 502 1848 trimi-lam,
513 1819 601 1848 perche
615 1820 628 1842 ἑ
639 1820 726 1849 pamla
739 1821 780 1842 che
792 1819 840 1849 pud
851 1820 916 1849 sare
928 1819 955 1842 a!
965 1826 1036 1847 caem-
1047 1819 1105 1848 pero
1120 1820 1252 1849 presertrei
1266 1821 1367 1849 leggere

174 1859 302 1883 trimodam
352 1865 396 1890 ,¹3.
412 1861 476 1889 eum]
491 1859 548 1883 Cod.
563 1859 592 1882 εὖ

210 1966 253 2003 (ι)
271 1966 349 1994 Prov.
366 1966 455 1999 XXX,
476 1975 517 2002 ¹9·

210 2010 253 2044 (2)
271 2009 360 2036 vene.
379 2009 442 2036 Am.
462 2009 509 2042 111,
528 2017 553 2044 7,
571 2017 597 2043 4.

211 2051 252 2086 (3)
273 2050 333 2078 Che
352 2050 390 2086 gli
408 2052 493 2078 amori
507 2051 533 2078 di
549 2051 622 2078 Enea
635 2060 688 2079 con
701 2052 747 2079 Di-

175 2093 245 2121 done
263 2093 366 2120 fossero
385 2102 440 2120 una
457 2093 557 2121 finzion
578 2094 684 2130 poetica
703 2103 747 2122 era

174 2141 242 2162 stato
251 2135 410 2162 dimostrato
417 2135 461 2162 dal
467 2135 620 2164 Pei-unca
626 2137 695 2172 (Sm.
701 2137 747 2170 lv,

175 2179 208 2212 v)
218 2178 250 2205 ed
264 2177 374 2205 asserito
386 2178 476 2214 postia
486 2179 692 2215 ripetutamente
701 2188 748 2207 an-

176 2219 226 2246 che
235 2219 279 2247 dal
292 2219 456 2253 Boccaccio;
469 2220 504 2247 cf.
517 2221 637 2255 Hom-is,
647 2230 691 2258 op.
702 2222 746 2249 cit.

175 2270 201 2297 p.
222 2269 286 2295 520;
308 2262 352 2289 De
374 2262 507 2296 NofflAc,
525 2271 570 2299 op.
589 2264 632 2292 cit.
651 2273 677 2300 p.
699 2272 747 2298 114

174 2312 234 2340 sgg.

211 2346 254 2381 (4)
273 2346 348 2374 IusT.
367 2355 412 2382 op.
430 2347 475 2374 cit.
492 2347 592 2380 XVIII,
611 2356 648 2381 vx,
667 2357 694 2383 9.

828 1967 872 2003 (5)
890 1967 970 1994 Forse
987 1967 1007 1994 il
1027 1967 1055 1995 S.
1075 1968 1163 1995 citava
1177 1977 1191 1995 a
1204 1967 1336 1995 memoria
1349 1975 1367 1994 ο

793 2009 812 2036 il
829 2018 879 2037 suo
899 2010 1049 2045 esemplare
1073 2018 1168 2037 recava
1188 2018 1241 2037 una
1264 2009 1368 2037 lezione

792 2051 874 2085 falsam
894 2052 991 2079 Solino
1011 2052 1096 2079 insatti
1113 2051 1223 2079 afferma
1234 2052 1285 2079 che
1298 2051 1368 2079 dalla

792 2094 954 2122 distruzione
972 2095 998 2121 di
1019 2094 1103 2122 Troia
1128 2094 1181 2121 alla
1206 2093 1368 2121 sondazione

791 2137 819 2163 di
829 2137 917 2164 Roma
925 2145 1032 2164 corsero
1043 2145 1096 2164 uon
1106 2138 1167 2170 408,
1175 2144 1278 2172 ma433
1291 2136 1367 2163 anni:

794 2189 808 2204 κ
821 2178 903 2206 Ita...
923 2179 991 2206 inter
1011 2184 1134 2206 exortum
1154 2178 1235 2206 Urbis
1255 2185 1282 2205 et
1301 2178 1369 2206 Tro-

794 2230 808 2245 «
818 2220 872 2247 iam
887 2226 992 2256 captam
1006 2221 1063 2247 iure
1076 2229 1136 2247 esse
1149 2229 1234 2247 annos
1246 2220 1368 2256 quadrin-

793 2273 806 2288 (ι
820 2268 917 2298 gentos
935 2263 1044 2298 triginta
1062 2269 1116 2289 tres
1134 2268 1239 2289 constat
1250 2271 1282 2295 »;
1298 2262 1330 2289 C.
1347 2262 1367 2289 1.

792 2305 891 2332 Somn.
899 2305 999 2333 Collect.
1006 2315 1056 2333 rer.
1062 2314 1163 2333 memor.
1171 2305 1204 2332 ed
1211 2305 1367 2338 Momaszu,

790 2349 812 2382 1,
830 2356 919 2381 xxvn,
938 2357 963 2384 p.
986 2356 1025 2376 ιι.

1421 896 1470 918 Conl
1485 897 1573 918 essendo
1586 897 1606 918 le

1393 931 1451 949 eoae,
1462 930 1521 944 come
1548 925 1606 944 noui

1393 951 1424 971 sar
1437 951 1496 978 eolpn
1510 957 1522 971 ι
1535 931 1606 978 <litgi-

1393 978 1422 998 lio
1433 977 1453 998 ὁ·
1461 983 1510 998 aver
1517 983 1605 1004 pensato

1393 1005 1428 1025 εἰὸ
1451 1004 1498 1029 che,
1511 1005 1605 1025 secondo

1393 1031 1407 1051 Γ
1415 1031 1523 1058 allegarit,
1534 1032 1551 1051 ni
1561 1038 1605 1059 pro-

1393 1063 1451 1078 tenta
1467 1058 1507 1078 ben
1523 1058 1605 1079 dim-w

1393 1085 1419 1105 da
1435 1085 1482 1112 quel
1504 1085 1540 1105 ebe
1562 1085 1606 1105 diu

1393 1111 1413 1132 ln
1426 1111 1501 1132 lmen
1508 1112 1518 1132 ?

1420 1137 1464 1158 cim
1472 1145 1494 1158 se
1501 1138 1544 1165 egli
1554 1137 1606 1158 scel-

1392 1171 1414 1184 κ
1424 1165 1505 1185 Didone
1514 1172 1526 1184 ι
1550 1170 1606 1185 rota-

1392 1171 1558 1239 535222‘233212
1565 1192 1607 1239 2¹:32

1393 1245 1420 1265 lei
1438 1251 1510 1266 avene
1525 1245 1605 1266 visuum

1393 1273 1458 1299 prim·
1474 1271 1557 1292 ‹vene-
1571 1271 1606 1299 plu

1393 1306 1404 1319 e
1418 1299 1454 1326 piu
1467 1299 1539 1323 aeoli.
1554 1298 1605 1319 ebbe

1392 1332 1428 1353 per
1436 1326 1469 1346 cio
1481 1325 1524 1346 fure
1532 1326 1606 1346 orfime

1393 1353 1483 1380 regioni.
