1682 2762
87 873 128 898 10

88 1166 126 1200 t5

89 1750 129 1783 25

92 2042 135 2076 30

429 216 477 243 DI
509 216 776 245 COLUCCIO
809 217 1082 245 SALUTATI.
1290 210 1351 251 605

153 342 254 377 vitam
279 350 376 386 atque
399 353 518 383 mores,
535 342 600 376 duo
619 342 671 376 illa
695 343 911 388 relinquamus
935 352 1030 388 atque
1055 343 1227 388 largiamur
1245 343 1357 376 inertie

153 409 273 435 nostre.
321 400 448 434 tertium
469 412 558 442 vero,
573 400 662 445 quod
685 412 812 446 semper
830 402 964 436 oratoris
987 401 1057 442 fuit,
1081 402 1141 435 nisi
1164 401 1357 441 tenebimus,

154 456 255 492 nichil
274 457 393 491 oratori
412 457 446 491 in
465 469 531 502 quo
550 468 688 502 maguus
707 469 777 492 esse
796 459 897 503 possit
916 458 1142 503 relinquemus.
1189 469 1285 503 quare
1305 457 1357 490 hic

153 515 244 551 locus
267 515 308 550 de
331 515 398 550 vita
427 525 459 550 et
488 516 632 550 moribus
663 526 750 551 totus
779 526 829 550 est
857 517 976 551 oratori
1006 516 1244 562 perdiscenduS.
1297 515 1357 550 hec

155 574 326 610 cicerum.
373 587 433 609 nec
457 584 567 609 tamen
590 584 683 619 putes
707 586 760 609 me
783 576 829 609 sic
849 575 888 609 ad
907 575 1043 609 moralia
1061 575 1114 609 illa
1132 575 1357 619 Socraticaque

153 641 187 668 te
208 632 387 674 transferre,
411 634 488 678 quin
512 633 611 668 velim
639 643 670 667 et
694 645 732 667 ea
761 645 824 678 que
848 633 1018 667 christiane
1048 633 1253 678 perfectionis
1282 642 1357 667 sunt

154 689 282 732 adicias,
306 702 374 725 non
397 701 432 725 ut
454 691 512 725 fias
536 691 772 736 predicatorum
802 691 902 725 nostri
931 692 1085 736 temporis
1108 691 1277 732 emulator,
1301 690 1357 724 sed

155 757 191 784 ut
211 748 385 794 prudenter
408 749 548 783 vivendo
572 749 774 794 graviterque
797 749 967 784 scribendo
990 749 1220 795 perfectionem
1251 760 1358 784 mora-

154 806 261 849 litatis,
290 818 354 852 qua
383 807 453 841 sine
483 807 582 842 dubio
612 807 758 842 doctrina
792 807 912 842 Christi
944 807 1113 852 perficitur,
1144 808 1356 852 amplectaris.

154 876 279 907 verum,
302 866 376 910 quia
403 866 557 910 sapientia
579 865 761 900 divinarum
785 865 1066 911 humanarumque
1089 866 1259 900 scientiam
1282 877 1356 911 pro-

154 922 270 964 fitetur,
289 924 386 958 nichil
405 934 436 958 te
452 924 550 958 velim
569 936 607 958 ex
630 924 688 958 hac
713 924 912 958 humanitate
932 924 1104 965 dimittere,
1119 936 1182 969 que
1202 935 1273 959 tum
1292 925 1356 958 vite

154 991 301 1027 precepta
338 983 492 1023 continet,
522 983 638 1027 quibus
676 981 852 1017 exundavit
886 993 995 1017 noster
1024 983 1141 1018 Cicero
1172 984 1357 1028 Senecaque

154 1039 340 1074 Stoicorum
352 1040 495 1085 optimus
510 1040 660 1080 imitator,
673 1049 744 1074 tum
756 1039 1011 1084 speculationem
1025 1039 1188 1085 quandam
1203 1041 1358 1074 virtutum

154 1107 187 1133 et
208 1097 391 1133 officiorum
414 1099 559 1140 rimatur,
573 1098 661 1143 quod
680 1099 869 1133 Aristoteles
889 1098 1074 1133 mirabiliter
1092 1109 1140 1133 est
1159 1108 1358 1144 prosecutus,

154 1164 226 1190 tum
248 1155 421 1190 hominum
445 1166 545 1201 gesta,
560 1168 623 1202 que
643 1156 729 1190 libris
748 1157 919 1200 hystoricis
937 1157 1146 1201 explicantur,
1163 1167 1358 1201 cognoscere

156 1225 266 1248 curam
289 1213 395 1248 habet.
443 1214 492 1248 his
511 1215 643 1255 etenim,
663 1215 689 1248 si
707 1214 885 1256 scientiam,
905 1227 968 1259 que
991 1226 1098 1249 rerum
1121 1215 1358 1260 hominumque

154 1282 295 1314 naturas,
313 1273 479 1318 passiones
497 1282 529 1307 et
549 1283 657 1308 motus
676 1273 844 1318 profitetur
862 1283 894 1307 et
911 1273 1061 1318 spondet,
1081 1273 1243 1314 adieceris,
1259 1273 1359 1307 nichil

155 1331 215 1366 erit
236 1330 325 1377 quod
349 1331 389 1366 ad
412 1331 586 1366 dicendum
610 1332 756 1377 beneque
779 1331 959 1366 vivendum
982 1331 1160 1366 desiderare
1184 1331 1302 1366 valeas.

222 1390 346 1424 Verum
377 1389 503 1424 dicendi
533 1390 594 1424 alia
624 1390 706 1424 ratio
734 1400 792 1424 est.
840 1390 949 1424 multis
972 1391 1060 1424 enim
1086 1399 1119 1424 et
1141 1390 1235 1424 variis
1265 1389 1358 1424 rebus

156 1457 283 1483 constat
306 1448 503 1494 eloquentia3
527 1459 603 1483 nam
630 1449 658 1483 si
682 1449 849 1483 materiam
871 1449 967 1484 huius
991 1447 1149 1482 facultatis
1172 1449 1358 1493 respexeris,

156 1507 308 1552 quicquid
337 1506 399 1542 dici
429 1516 535 1552 potest
565 1506 723 1548 divinum,
755 1507 948 1548 humanum,
976 1506 1099 1541 morale
1124 1506 1176 1540 vel
1204 1506 1359 1548 naturale,

157 1573 265 1600 totum
288 1565 362 1599 huic
385 1564 526 1600 facultati
549 1564 711 1606 subicitur,
725 1566 882 1610 quoniam
906 1576 943 1599 ea
966 1576 1062 1610 super
1079 1565 1191 1598 omnia
1213 1576 1277 1609 que
1296 1564 1359 1598 dici

157 1633 294 1669 possunt
318 1625 388 1658 sine
412 1623 611 1658 dubitatione
634 1634 788 1658 versatur.
842 1624 944 1668 ipsam
977 1632 1087 1658 autem
1119 1623 1277 1657 rationem
1305 1634 1359 1656 co-

158 1683 309 1727 piamque
331 1681 468 1723 dicendi,
493 1693 590 1727 quam
613 1682 710 1717 Greci
739 1682 993 1716 rhetoricen
1026 1691 1155 1723 vocant,
1177 1683 1237 1716 tria
1266 1680 1359 1726 perfi-

158 1741 268 1775 ciunt:
298 1739 485 1774 inveniendi
515 1740 636 1774 scilicet
665 1740 790 1786 peritia,
811 1741 1044 1774 sententiarum
1069 1741 1208 1786 gravitas
1235 1748 1268 1774 et
1291 1750 1359 1773 vet-

159 1797 276 1832 borum
305 1806 447 1834 ornatus.
498 1797 576 1842 quid
605 1799 695 1832 enim
725 1797 830 1832 dicere
862 1807 968 1842 potest
1002 1806 1110 1832 orator
1140 1806 1194 1831 aut
1225 1796 1362 1831 dictator

158 1855 307 1896 scribere,
329 1855 357 1890 si
380 1867 448 1890 uon
471 1856 511 1890 sit
533 1855 722 1890 inveniendi
745 1855 976 1890 doctissimus?
1022 1855 1106 1890 hanc
1128 1865 1236 1890 autem
1261 1864 1361 1890 artem

160 1912 245 1958 apud
269 1913 463 1948 Ciceronem
488 1913 794 1959 Quintilianumque
821 1915 970 1959 reperies,
993 1913 1050 1948 sed
1079 1914 1178 1958 longe
1201 1913 1362 1958 copiosius

161 1980 256 2017 atque
275 1971 455 2017 elegantius
471 1971 726 2007 subministrabit
748 1972 835 2007 illam
859 1972 914 2006 tibi
939 1982 1050 2006 nature
1070 1971 1205 2013 bonitas,
1225 1982 1362 2006 acumen

161 2030 294 2076 ingenii,
313 2030 481 2065 meditatio
506 2031 758 2076 exercitiumque
777 2031 914 2066 dicendi.
963 2042 1038 2065 nam
1060 2042 1124 2075 que
1142 2029 1311 2064 traduntur
1328 2030 1362 2064 in

215 2140 239 2164 5.
253 2133 292 2157 Me
306 2135 331 2157 tn
344 2134 419 2163 bosv
432 2134 460 2156 du·
471 2140 517 2164 que
527 2139 591 2163 poue
603 2140 672 2163 quem
725 2134 747 2157 6.
756 2133 785 2156 Ι)
794 2133 826 2157 N¹
842 2133 1006 2161 muncribem;
1023 2134 1054 2156 ho
1062 2134 1155 2156 accello
1164 2134 1187 2155 la
1197 2134 1362 2162 eundumne

160 2174 201 2197 det
209 2174 255 2198 ue.
293 2173 326 2196 N'
337 2177 423 2197 onetoe
436 2178 491 2197 nm
545 2180 569 2203 9.
578 2173 609 2197 L!
618 2181 664 2204 qne
721 2181 756 2197 ιο.
767 2173 839 2197 une
852 2174 924 2197 divin.
937 2178 960 2197 et
973 2175 1036 2196 bum.
1046 2181 1078 2198 sc.
1136 2180 1206 2197 ιι-ιι.
1217 2172 1247 2196 1)
1255 2175 1292 2196 Με
1299 2180 1360 2203 pree.

162 2213 208 2238 vlu
258 2221 295 2243 ¹⁴·
309 2213 384 2238 [lut
398 2221 459 2244 ρωι.
474 2219 509 2238 est
578 2221 613 2244 17.
629 2214 702 2238 une
715 2218 834 2238 omeuono
847 2219 940 2238 natum
981 2213 1014 2237 ΙΨ
1030 2214 1091 2237 nichi
1105 2215 1162 2243 (sic)
1231 2221 1266 2244 ¹9-
1281 2214 1362 2244 urii-1

161 2252 192 2276 U
207 2253 252 2277 nii·
265 2254 322 2282 (uic)
375 2260 410 2277 ao·
420 2254 453 2283 d]
465 2253 498 2277 Μ
513 2253 556 2277 nln'
613 2260 651 2284 ²5·
666 2253 699 2276 Μ’
715 2254 746 2277 da
760 2254 906 2276 wientiarum
920 2254 952 2276 ed
964 2256 1050 2277 omen:
1062 2253 1163 2283 ‘nvite-
1176 2257 1199 2276 et
1253 2259 1291 2284 ²9·
1301 2252 1362 2276 υιῐ

163 2292 201 2316 lle
214 2299 242 2316 ac
285 2293 317 2317 Μ
332 2297 418 2318 mue
432 2294 472 2317 tibi

198 2384 244 2419 (1)
262 2383 324 2412 cic„
342 2384 384 2412 ι).
401 2388 466 2412 mi,
486 2385 532 2412 ub.
551 2385 572 2418 1,
591 2393 650 2421 ap.
667 2391 734 2418 xxv,
754 2384 786 2420 §S
804 2383 903 2420 ⁶8-69-

1385 582 1448 631 daun:
1457 584 1598 638 filndsoffig

1385 644 1439 665 pm
1448 638 1467 658 ei
1479 643 1520 658 eon
1536 638 1541 643 ⁴
1586 645 1598 658 ι

1385 664 1449 691 quelli
1459 670 1534 684 ancora
1542 644 1598 685 gss'fi.

1385 691 1482 711 cristiana
1501 692 1551 716 ieta,
1559 698 1598 719 pur

1385 723 1428 738 nou
1455 725 1480 738 c·
1520 718 1548 738 do
1576 719 1597 739 in

1420 877 1511 902 ando
1535 878 1598 899 influe

1384 904 1425 925 211·
1475 905 1598 933 eoguffione

1384 931 1437 951 delle
1463 931 1534 959 regule
1562 932 1599 953 che

1385 958 1467 979 debbon
1485 965 1599 986 guvernare

1385 991 1426 1005 um
1446 986 1539 1006 virtuosa
1560 987 1599 1006 eni-

1385 1017 1454 1032 sum
1483 1013 1502 1033 ei
1529 1013 1598 1033 mnndi

1386 1045 1433 1059 com
1533 1040 1598 1060 anche

1386 1065 1406 1086 ln
1413 1072 1438 1086 co
1470 1066 1537 1087 idone
1544 1066 1599 1087 delle

1386 1093 1442 1113 utic
1457 1099 1468 1113 e
1482 1094 1556 1118 storia.

1386 1227 1434 1247 ενι-Δ
1470 1226 1599 1248 accumulato

1386 1259 1414 1273 uu
1427 1258 1497 1274 mom
1515 1254 1535 1274 di
1555 1255 1599 1274 dot-

1386 1281 1439 1300 triu
1446 1279 1559 1301 sufficiente
1564 1287 1600 1308 per

1386 1307 1426 1327 ben
1441 1307 1510 1327 vivere
1524 1314 1536 1327 c
1550 1308 1599 1328 scri-

1386 1340 1421 1354 ver
1433 1333 1493 1357 bene.

1413 1394 1447 1416 Ι·
1461 1395 1480 1416 ιΙ
1490 1396 1600 1431 conequi-

1386 1427 1458 1443 mm
1467 1422 1487 1442 di
1497 1427 1556 1449 quen
1569 1422 1600 1443 ul—

1386 1450 1439 1470 uno
1463 1449 1504 1470 fine
1527 1455 1600 1470 occor-

1386 1563 1422 1582 ¹·;

1387 1643 1474 1691 m·
1479 1636 1600 1684 me

1388 1691 1448 1711 cinno
1458 1690 1532 1711 diseno
1541 1689 1561 1711 ln
1570 1689 1600 1711 fa-

1388 1717 1444 1738 colu
1458 1717 1569 1742 inve-dn,
1581 1716 1602 1738 la

1388 1744 1507 1772 profu-diu
1512 1743 1545 1764 dd
1551 1750 1601 1771 pen·

1387 1771 1448 1796 doro.
1477 1770 1493 1791 l'
1503 1770 1601 1798 degn-n

1387 1797 1441 1818 dell·
1455 1797 1530 1819 somn.

1409 1859 1511 1881 Clean-e
1518 1866 1530 1880 e
1536 1859 1601 1884 Quin-

1388 1886 1462 1908 uli-no
1511 1892 1600 1907 mnan

1388 1914 1472 1935 amu-i
1489 1920 1503 1934 ι
1511 1913 1557 1938 «ἰὸς
1567 1919 1601 1934 uu

1388 1941 1434 1988 epu
1446 1947 1458 1961 e
1481 1940 1560 1973 meglio
1579 1939 1599 1961 ss

1493 1973 1600 1995 ‘toveran-

1388 1994 1476 2046 :²³3⁶
1491 2000 1601 2041 ²⁸:2³:

1388 2049 1446 2069 sione
1455 2054 1467 2068 α
1476 2047 1600 2069 Panemo.
