1708 2774
176 495 192 516 E
213 496 233 515 di
254 494 313 522 quale
329 494 359 514 di-

149 522 217 543 leno?
232 529 253 542 se
263 522 295 541 dei
305 521 358 541 sensi

149 550 160 569 ὲ
175 548 313 576 riprovevole;

151 681 173 696 se
199 671 358 694 den'imellmo

150 703 212 722 nima
220 700 304 727 ragione
313 698 360 718 v’h-

150 729 170 748 di
195 727 288 755 preterire
312 725 360 745 Gio-

150 761 216 775 vum·
232 761 243 773 ι
259 752 327 784 quanti
340 758 359 771 e-

151 781 208 808 gregi
223 780 287 807 :pinzi
304 779 360 799 vivo-

151 815 186 828 no.

175 1021 232 1041 Altn
241 1021 252 1040 ὲ
261 1019 281 1040 ln
291 1019 359 1046 cugio·

149 1054 175 1068 ne
190 1047 241 1068 dell·
254 1053 290 1067 sun
305 1051 360 1066 tene-

150 1081 205 1095 rezn
219 1080 254 1101 per
267 1073 325 1093 colei.

190 1194 278 1222 Spern-
311 1191 361 1212 §trin

151 1228 194 1246 mg,
217 1219 298 1242 venierit
319 1225 361 1239 m-

150 1249 194 1302 ἓῖἰεῖ
205 1247 237 1268 de’
251 1245 318 1274 propri
339 1245 361 1265 fi—

152 1484 176 1504 ed
186 1489 259 1503 ancora
266 1481 312 1502 ude
320 1480 361 1500 del-

151 1511 166 1531 l'
177 1511 244 1530 antica
270 1508 361 1531 nummu

151 1537 238 1558 sebbene
248 1536 255 1555 i
264 1535 310 1555 suoi
318 1534 361 1555 voti

151 1565 208 1584 simo
235 1562 304 1583 nudati
328 1561 362 1580 de-

153 1719 212 1739 stim
232 1721 304 1738 onem
329 1716 362 1736 cib

154 1746 190 1766 che
204 1745 225 1765 1ο
235 1744 312 1767 ductu,
320 1749 363 1770 per·-

154 1772 190 1792 ehe
199 1771 226 1791 h·
234 1771 323 1791 rimosae
330 1769 362 1789 dal

153 1805 191 1818 suo
218 1803 286 1818 more
313 1796 362 1823 ogn'

155 1824 252 1845 desiderio
275 1823 361 1844 carnale.

180 2059 232 2080 Pure
249 2059 302 2080 dell·
322 2059 362 2080 bel-

155 2086 209 2106 lezzn
235 2086 255 2106 di
282 2086 309 2107 lei
345 2086 362 2107 :1

154 2117 246 2140 mssss‘·

385 314 426 347 32
808 304 1151 335 EPISTOLARIO

385 435 549 479 pationem
565 433 695 466 homine
710 431 887 476 indignam,
905 443 925 464 o
945 429 1191 464 delectationem
1207 429 1350 470 inanem,
1366 440 1387 462 o
1401 440 1470 463 rem
1487 440 1573 463 crea-

385 503 453 527 ture
475 492 634 526 rationalis
658 491 751 525 nullis
774 489 947 523 rationibus
963 487 1215 522 defendendam!
1263 487 1303 522 ad
1327 487 1574 521 delectationem

386 551 496 584 amas?
540 550 565 582 si
589 560 749 588 sensuum,
773 549 835 581 hoc
858 547 914 581 tibi
944 558 1118 581 commune
1149 558 1224 580 cum
1249 545 1381 587 belluis;
1405 546 1468 580 hoc
1491 545 1575 580 forte

385 609 487 652 magis
509 608 543 641 in
565 608 668 651 pueris
690 606 860 650 reperitur;
885 605 947 639 hoc
973 606 1113 638 maxime
1141 614 1190 638 est
1212 605 1245 638 in
1275 603 1439 638 affectibus
1463 603 1576 649 depra-

387 667 476 700 vatis.
531 666 555 699 si
579 676 655 699 vero
679 664 816 698 volueris
836 663 919 697 hanc
941 662 1187 697 delectationem
1209 662 1389 696 intellectus
1408 673 1489 704 esse,
1507 674 1576 697 non

386 736 548 765 sensuum,
569 734 635 756 non
655 722 750 756 video
774 734 828 756 cur
851 722 954 766 magis
978 732 1054 765 erga
1077 720 1259 754 Iohannam
1279 721 1456 765 occuperis,
1477 732 1576 766 quam

386 782 471 815 viros
489 781 614 825 pulcros
633 790 664 814 et
686 781 855 820 virtuosos,
879 791 975 824 quam
1001 779 1118 813 milites
1137 787 1285 812 strenuos
1305 788 1336 812 et
1358 789 1459 812 manu
1477 777 1576 812 fortes

387 848 439 872 aut
453 839 592 883 optimos
616 838 811 882 privatorum
835 847 928 882 atque
951 837 996 871 rei
1019 836 1145 881 publice
1165 835 1365 878 defensores3
1379 848 1477 881 quam
1494 837 1578 870 circa

385 897 471 930 viros
495 896 670 930 intellectus
685 896 805 930 lumine
822 895 960 940 fulgidos
975 905 1006 929 et
1021 906 1127 929 rerum
1149 894 1371 939 spectabilium
1394 894 1577 936 studiosos;

386 963 420 988 ut
443 954 476 987 in
499 954 559 987 hac
582 954 737 988 electione
761 963 816 987 tua
834 953 940 987 videre
965 953 1079 997 debeas
1103 964 1171 986 non
1196 953 1402 987 mediocriter
1415 962 1447 987 te
1463 964 1576 988 errare.

386 1012 442 1046 sed
465 1011 549 1046 aliud
573 1021 620 1046 est
643 1011 729 1056 quod
752 1020 783 1045 te
803 1021 855 1046 tue
880 1011 1025 1045 Iohanne
1051 1011 1215 1045 conciliat:
1240 1011 1325 1045 aliud
1351 1020 1399 1045 est
1421 1010 1578 1056 profecte,

387 1070 433 1103 mi
451 1070 632 1114 Peregrine,
655 1069 742 1114 quod
760 1069 812 1103 vel
836 1069 1015 1103 dissimulas
1035 1069 1087 1103 vel
1110 1081 1176 1103 non
1195 1070 1304 1104 sentis.
1350 1070 1418 1104 scio
1433 1069 1522 1115 quod
1537 1069 1578 1104 de

388 1127 610 1161 contrahendis
632 1139 741 1161 secum
761 1127 890 1171 nuptiis,
914 1127 940 1160 si
960 1138 1034 1160 vera
1057 1136 1132 1161 sunt
1150 1138 1213 1171 que
1228 1126 1316 1161 fideli
1339 1127 1493 1162 relatione
1506 1138 1578 1172 per-

388 1186 467 1229 cepi,
490 1185 638 1219 affectum
661 1194 754 1229 atque
779 1184 976 1229 colloquium
1000 1184 1147 1218 habuisti.
1195 1184 1358 1229 cogitabas
1388 1194 1498 1220 tecum
1526 1184 1580 1219 illa

387 1243 581 1277 matrimonii
608 1243 692 1276 bona
699 1255 708 1284 ;
732 1242 818 1287 quod
849 1242 956 1286 pulcra
979 1242 1095 1277 faceret
1119 1252 1150 1276 te
1173 1243 1263 1287 prole
1291 1253 1467 1288 parentem,
1490 1242 1580 1289 quod

389 1313 501 1335 omnes
523 1310 630 1335 tecum
653 1301 794 1345 exigeret
819 1300 972 1341 annosffl,
990 1300 1078 1345 quod
1101 1309 1133 1335 et
1158 1301 1228 1335 sine
1255 1302 1389 1335 crimine
1412 1301 1580 1336 flammam

389 1361 542 1404 acciperes
566 1368 724 1404 notusque
748 1358 901 1393 medullas
923 1359 1061 1402 {intraret
1090 1359 1176 1393 calor
1203 1367 1236 1393 et
1254 1371 1311 1404 per
1332 1359 1486 1394 labefacta
1509 1371 1580 1395 cur-

387 1427 467 1452 reret
491 1430 572 1458 ossa,
597 1418 782 1462 oblatosque
811 1417 900 1452 dares
933 1417 1099 1462 amplexus
1123 1427 1156 1452 et
1178 1417 1340 1463 placidum
1366 1427 1502 1463 peteres,
1525 1430 1580 1453 co-

388 1476 493 1520 niugis
516 1475 632 1510 affusus
655 1476 788 1520 gremio,
813 1487 869 1519 per
887 1475 1032 1509 membra
1050 1476 1255 1520 soporem(²).
1302 1476 1453 1511 inherent
1474 1476 1580 1512 adhuc

388 1543 506 1575 mente,
525 1546 591 1568 non
615 1535 718 1568 dicam
738 1534 905 1575 moderati,
928 1534 984 1568 sed
1007 1534 1187 1569 tolerabiles
1207 1534 1240 1568 hi
1265 1535 1443 1580 coniugalis
1461 1536 1580 1570 amoris

389 1591 531 1634 affectus;
560 1591 746 1633 tolerabiles,
769 1593 912 1637 inquam,
936 1593 1019 1626 inter
1046 1602 1212 1637 corruptos
1236 1605 1355 1634 moreS,
1378 1605 1446 1628 non
1469 1603 1580 1629 nmen

388 1650 509 1684 ratione
532 1650 635 1684 debita
658 1650 806 1695 regulati:
830 1659 862 1684 et
881 1662 956 1684 cum
980 1662 1072 1695 spem
1095 1651 1160 1692 vel,
1183 1660 1219 1685 ut
1243 1651 1330 1686 credi
1351 1652 1413 1693 vis,
1428 1653 1580 1697 concupi·

388 1708 541 1742 scentiam
572 1707 628 1741 tibi
658 1708 844 1742 concubitus
866 1708 1035 1749 ademeris,
1059 1708 1216 1743 honestos
1239 1719 1331 1754 putas
1363 1709 1499 1755 illosque
1521 1709 1579 1745 tibi

356 1803 363 1815 ¹
389 1777 550 1799 reservans
569 1766 614 1800 eis
633 1765 713 1800 ultra
728 1766 870 1801 debitum
901 1766 1074 1802 delectaris.
1121 1779 1183 1812 que
1198 1777 1308 1803 autem
1330 1767 1500 1803 delectatio
1522 1768 1580 1803 tibi

389 1824 429 1857 sit
447 1833 479 1857 et
496 1823 595 1868 qualis
618 1825 725 1868 paucis
749 1825 926 1869 expediam.
973 1837 1040 1860 non
1060 1826 1148 1860 enim
1171 1835 1352 1868 contentus,
1367 1826 1457 1872 quod
1470 1835 1580 1862 tecum

389 1891 479 1927 potes
506 1891 538 1916 et
566 1881 694 1917 forsitan
721 1895 787 1917 non
812 1884 982 1918 inhoneste
1011 1894 1113 1929 potes,
1134 1896 1241 1919 amare
1264 1894 1296 1919 et
1319 1884 1467 1920 delectari
1491 1885 1581 1931 quod

390 1951 488 1981 ames,
517 1940 605 1974 ardes
628 1950 659 1974 et
681 1943 878 1986 concupiscis
912 1952 966 1976 tue
997 1943 1141 1977 Iohanne
1164 1942 1282 1978 faciem
1312 1945 1440 1985 intuen',
1466 1943 1581 1978 in·illa

389 1997 505 2042 figeris,
532 1999 564 2032 in
589 1998 651 2040 illa,
675 1999 773 2033 veluti
802 2012 968 2035 summum
997 2010 1051 2036 aut
1080 2012 1212 2036 summo
1242 2002 1426 2046 proximum
1455 2001 1580 2036 bonum

389 2055 529 2100 adeptus,
556 2058 701 2101 quiescis,
728 2057 891 2093 delectaris
915 2069 945 2093 et
968 2059 1100 2105 gaudes,
1124 2061 1234 2105 sicque
1265 2061 1364 2095 ureris
1386 2069 1419 2094 et
1440 2060 1580 2095 sterilem

388 2114 544 2157 sperando
557 2116 656 2149 nutris
672 2127 815 2150 amorem
826 2117 871 2150 (³).
917 2127 1041 2163 spectas
1056 2119 1144 2153 enim
1157 2118 1259 2153 flavos
1275 2119 1360 2153 collo
1375 2118 1516 2164 pendere
1529 2130 1580 2154 ca-

388 2171 490 2216 pium,
509 2172 597 2206 vides
616 2174 690 2218 igne
710 2175 875 2217 micantes,

599 2245 734 2274 Sideribus
753 2246 862 2280 similes,
881 2248 993 2276 oculos:
1011 2248 1087 2276 vides
1107 2249 1210 2282 oscula,
1230 2258 1283 2286 que
1296 2258 1353 2277 non

597 2293 644 2320 Est
658 2294 755 2322 vidisse
773 2296 851 2323 satis:
870 2295 964 2324 laudas
984 2297 1141 2334 digitosque
1160 2306 1322 2334 manusque,

425 2380 467 2416 (ι)
485 2381 615 2409 Parafrasi
634 2383 696 2410 d‘un
715 2383 796 2420 luogo
814 2385 958 2413 notissimo
1003 2386 1093 2415 Vane.
1112 2389 1176 2416 Aen.
1195 2388 1271 2422 vm,
1292 2389 1410 2426 389-90;
1423 2387 1561 2424 405-406.

391 2421 417 2448 di
433 2422 522 2450 me.
539 2424 602 2451 Aen.
621 2425 642 2458 Ι,
661 2432 702 2460 7ς.
1038 2430 1082 2466 (3)
1102 2429 1190 2458 Ovm.
1213 2431 1272 2458 Met.
1291 2432 1313 2464 1,
1331 2431 1400 2468 496:

425 2464 466 2498 (2)
485 2465 559 2492 Altra
586 2467 713 2502 parafrasi
731 2468 894 2505 Virgiliana;
921 2470 954 2499 cf.
1025 2480 1097 2502 utrm
1111 2486 1132 2502 et
1145 2481 1239 2503 nerum
1253 2483 1355 2510 κραταιὼ
1367 2483 1434 2504 nutrit
1446 2489 1552 2505 uua·

1609 961 1649 986 10

1610 1249 1646 1284 15

1608 1832 1650 1866 25

1609 2124 1651 2158 30
