1682 2762
120 349 176 369 Niun
184 348 268 370 einim-o
274 349 310 369 che

99 376 118 396 ci
128 375 196 402 tolga,
204 382 238 402 per
248 382 310 402 qum-

99 407 122 422 ιο
136 409 206 429 grave,
217 402 253 422 dee
262 402 311 422 dini

99 428 310 482 ἓὲἑῖἷῖιέἳῗοὲὲῗ

99 487 145 502 σιω
154 489 160 506 ;

100 746 168 774 pei-cib
193 753 236 766 uon
257 752 310 766 sono

99 780 127 794 un
141 772 195 793 male
212 772 230 792 le
248 773 311 792 morti

99 800 131 820 de'
141 799 237 826 genitori,
248 799 280 819 de’
289 799 311 819 fi-

99 826 127 854 gli
141 833 154 846 ο
169 825 201 846 de’
209 825 297 850 frnelli;

100 1037 175 1064 poiche
198 1036 218 1056 ln
245 1041 312 1057 morte

100 1070 140 1084 non
154 1063 216 1084 rende
235 1064 312 1084 cuttivo

100 1097 188 1111 veruna.

129 1435 163 1455 Mn
178 1442 200 1455 oe
219 1442 261 1455 non
276 1441 315 1455 son

103 1462 159 1485 mali.
181 1462 247 1489 questi
268 1462 315 1482 luni

102 1489 218 1515 divengono
233 1495 268 1515 per
282 1489 315 1509 cio

103 1522 164 1536 meno
178 1515 251 1543 grui?

130 1554 202 1579 certo,
217 1561 239 1575 xe
254 1554 287 1575 chi
301 1554 315 1575 li

103 1586 226 1628 ‘3⁹⁹⁰“5u2
242 1581 316 1628 2⁸23:

103 1614 219 1662 ξοξιοὲοηὶ
231 1615 272 1654 alls
281 1641 315 1655 vo-

103 1661 162 1682 lenti
176 1661 253 1682 divina.

130 1833 159 1853 La
169 1838 240 1854 natur·
249 1839 316 1854 neusa

97 1859 121 1880 'ci
133 1865 201 1880 enom
214 1860 246 1880 dei
260 1866 315 1881 reno

101 1893 114 1907 ι
126 1887 249 1912 consola-ei,

341 222 402 255 ¹94
765 217 1107 245 EPisTotAiuo

341 342 484 374 missime
497 350 591 374 teneo
608 351 796 384 quecunque
818 340 897 373 circa
913 350 973 373 nos
987 339 1080 381 fiunt,
1098 340 1163 373 sint
1180 351 1289 384 aspera
1303 340 1386 381 licet,
1402 340 1528 382 flebilia,

338 399 457 444 gravia,
476 397 683 431 incommoda
702 397 753 430 vel
770 397 939 438 horrenda,
959 398 1022 431 sint
1041 397 1113 431 licet
1137 398 1220 432 mala
1238 408 1359 440 nature,
1377 399 1440 432 sint
1455 398 1528 432 licet

338 457 433 489 etiam
448 455 530 488 mala
543 467 637 498 pene,
649 466 723 488 vere
736 455 819 488 mala
833 466 898 488 non
913 466 981 488 esse
994 456 1055 488 nisi
1069 456 1255 495 vestiantur,
1267 457 1333 489 imo
1347 455 1527 490 deformen—

338 522 389 547 tur
411 522 464 546 aut
485 512 644 551 sordeant,
664 512 750 545 malo
767 512 867 556 culpe.
913 524 976 556 que
988 513 1119 556 quidem
1133 512 1318 547 deformitas
1331 523 1423 558 atque
1437 513 1529 557 culpa

340 569 559 604 deficientibus
579 569 671 603 nobis
691 569 728 603 ab
745 570 855 604 ordine
871 570 951 614 legis
971 579 1078 604 eterne
1102 571 1298 604 contrahitur
1316 581 1348 605 et
1367 570 1406 604 de
1421 579 1529 604 nostre

338 629 488 663 libertatis
513 628 651 669 arbitrio,
676 628 753 662 dum
778 628 810 662 in
834 640 946 662 verum
969 628 1068 662 finem
1097 641 1163 663 non
1193 629 1358 674 dirigimus
1385 630 1438 663 illa
1467 641 1530 674 que

338 687 474 721 facimus
489 699 592 731 queve
613 687 704 721 nobis
723 687 878 721 eveniunt
899 697 1110 732 perpetratur;
1130 697 1166 722 ut
1183 688 1335 733 quicquid
1347 688 1440 722 nobis
1453 699 1530 722 con-

339 745 446 789 tigerit
472 753 566 788 atque
586 744 752 788 contingat
775 745 843 777 sive
868 744 907 778 de
930 754 1098 788 parentum
1122 746 1189 780 sive
1220 746 1428 780 dominorum
1452 746 1529 787 sive,

338 802 426 847 quod
462 802 699 836 coniunctionis
728 814 830 846 genus
859 803 1096 847 optatissimum
1125 813 1173 837 est
1201 813 1233 837 et
1263 804 1367 844 dulce,
1390 803 1531 837 filiorum

339 859 622 899 internecionibus,
645 860 713 892 sive
736 858 879 900 fratrum,
905 859 1084 894 dummodo
1109 859 1190 894 desit
1217 861 1319 905 culpa,
1339 873 1397 894 nec
1418 860 1531 895 debea-

340 929 411 951 mus
424 917 574 961 conqueri
589 928 647 950 nec
658 916 790 957 malum,
806 917 830 949 si
844 926 928 950 recte
944 917 1146 959 senserimus,
1167 917 1318 951 arbitrari.
1364 918 1448 952 mala
1463 919 1532 964 qui-

340 975 415 1009 dem
439 986 506 1008 non
533 983 607 1008 sunt
634 986 698 1018 que
722 974 825 1008 malos
848 975 963 1019 quibus
987 975 1039 1011 illa
1058 977 1264 1019 provenerint
1287 987 1354 1010 non
1377 976 1530 1010 fecerunt.

341 1042 427 1064 nunc
443 1040 551 1064 autem
567 1029 616 1063 dic
633 1029 739 1071 michi,
753 1030 935 1065 dulcissime
956 1033 999 1065 mi
1020 1033 1198 1074 Francisce,
1212 1032 1328 1067 fecitne
1348 1043 1530 1077 quenquam

341 1088 463 1122 malum
492 1099 579 1121 mors
607 1088 750 1131 ingenita
781 1089 832 1122 vel
859 1089 966 1123 illata?
1010 1101 1077 1123 non
1101 1100 1195 1124 certe.
1243 1090 1348 1125 nullus
1383 1092 1469 1125 enim
1493 1102 1532 1124 eo

341 1147 430 1192 quod
449 1156 594 1180 mortuus
621 1156 669 1180 est
696 1147 817 1188 malus3
841 1148 927 1181 nolle
954 1149 1036 1182 mori
1064 1149 1115 1182 vel
1141 1149 1199 1183 sibi
1231 1162 1345 1183 manus
1377 1150 1533 1194 ingerere,

341 1216 416 1238 cum
429 1206 518 1238 Deus
535 1215 602 1238 non
619 1205 697 1245 vult,
711 1214 817 1248 potest
841 1216 900 1238 nos
919 1205 1087 1239 moriendo
1111 1206 1214 1240 malos
1234 1206 1370 1246 efficere,
1383 1218 1450 1240 non
1465 1206 1533 1251 ipsa

342 1272 439 1301 mom,
464 1272 560 1305 quam
585 1262 679 1294 etiam
704 1262 730 1294 si
758 1271 872 1306 sponte
896 1262 990 1296 nobis
1019 1263 1237 1302 asciverimus,
1266 1263 1328 1298 nisi
1357 1264 1447 1297 Deus
1473 1274 1532 1296 no-

341 1318 442 1359 luerit,
459 1317 560 1351 malos
575 1319 712 1352 omnino
732 1330 799 1351 non
815 1318 906 1360 facit3
923 1331 989 1352 non
1005 1319 1073 1353 vult
1088 1329 1196 1354 autem
1217 1321 1305 1354 Deus
1318 1331 1378 1353 nos
1393 1329 1533 1353 mortem

342 1376 502 1416 asciscere,
527 1376 587 1409 nisi
610 1375 716 1409 iubeat
731 1385 763 1409 et
784 1376 912 1410 revelet.
960 1376 1017 1410 sed
1032 1377 1109 1422 quid
1123 1387 1190 1411 tam
1209 1378 1310 1411 multa
1326 1377 1366 1411 de
1380 1376 1534 1411 nomine?

343 1432 428 1465 dices
441 1432 544 1465 enim:
562 1443 629 1465 non
644 1433 708 1466 sint
720 1432 778 1466 hec
799 1433 881 1467 mala
893 1434 976 1475 licet,
995 1435 1151 1479 quoniam
1167 1435 1258 1479 culpa
1277 1444 1401 1476 vacent,
1425 1445 1534 1468 nonne

343 1497 418 1522 sunt
440 1489 559 1533 gravia,
584 1501 694 1522 nonne
726 1489 896 1524 deflenda?
942 1492 1051 1535 gravia
1082 1501 1169 1533 sunt,
1198 1491 1309 1533 fateor,
1338 1492 1535 1536 impatientia

343 1547 505 1580 tolerantis
536 1547 745 1592 deflendaque
773 1547 940 1594 fragilitate
971 1551 1133 1584 merentis.
1190 1550 1245 1584 sed
1269 1551 1323 1595 qui
1349 1550 1536 1594 cogitaverit

343 1606 452 1639 Deum
475 1617 582 1639 rerum
607 1607 755 1640 omnium
780 1616 956 1642 creatorem
976 1618 1070 1653 atque
1093 1619 1251 1643 rectorem
1281 1620 1443 1642 summam
1466 1619 1535 1642 esse

343 1663 520 1698 bonitatem
547 1675 774 1709 summamque
802 1667 1003 1710 sapientiam,
1037 1678 1100 1711 qua
1126 1666 1231 1701 fronte
1268 1666 1357 1700 flebit
1383 1676 1536 1711 tanquam

342 1720 466 1754 malum
489 1721 577 1765 quod
600 1721 651 1755 illa
675 1721 802 1756 bonitas
825 1722 933 1757 fecerit
959 1735 1085 1769 quaque
1108 1725 1349 1769 presumptione
1372 1734 1440 1757 non
1459 1723 1537 1757 feret

343 1778 494 1822 quicquid
524 1778 606 1813 illius
630 1780 783 1823 sapientie
807 1781 948 1824 penetral
972 1781 1191 1815 ordinaverit?
1236 1782 1269 1815 in
1292 1781 1341 1814 his
1360 1790 1469 1815 tamen
1487 1781 1537 1814 in·

344 1836 525 1870 commodis
548 1837 625 1881 quid
649 1838 689 1870 sit
708 1836 891 1872 faciendum
913 1839 979 1883 ipsa
1012 1848 1123 1873 natura
1146 1850 1206 1872 nos
1230 1839 1392 1872 admonet.
1439 1838 1538 1872 nichil

343 1894 442 1935 enim,
457 1903 491 1928 ut
503 1893 633 1938 quidam
646 1896 699 1936 ait,
713 1895 840 1929 lacrima
852 1896 943 1930 citius
957 1897 1126 1938 arescit(¹);
1142 1898 1238 1930 siccat
1254 1907 1380 1940 tempus
1393 1896 1538 1930 lacrimas

394 1995 416 2018 6.
431 1994 462 2017 12²
477 2002 503 2018 ea
572 2003 607 2020 10.
619 1995 654 2018 R²
669 2003 696 2019 ne
753 2004 786 2020 ιι.
801 1997 832 2020 R²
847 2005 963 2021 sentiemus
1019 2005 1052 2021 12.
1068 1997 1101 2021 N¹
1116 1998 1244 2027 provenerit
1309 2005 1342 2028 ¹3·
1354 1996 1386 2020 R³
1395 1997 1538 2020 dilectissime

343 2041 379 2063 15-
389 2033 422 2058 ΝΙ
434 2033 465 2057 R²
480 2035 542 2064 dopo
557 2042 637 2058 manus
650 2036 730 2059 danna
744 2043 790 2059 non
804 2037 846 2059 che
862 2038 892 2059 ho
907 2038 986 2060 invece
998 2039 1114 2060 couocaeo
1127 2044 1142 2060 a
1155 2044 1176 2060 r.
1194 2038 1224 2060 1⁶
1240 2038 1301 2066 dopo
1314 2037 1376 2060 Deus
1451 2043 1488 2059 ιο.
1503 2035 1536 2058 N¹

339 2077 426 2097 omeue
439 2074 492 2097 licet
559 2075 594 2097 26.
611 2074 644 2098 N¹
659 2076 768 2099 ordinarit
835 2083 872 2105 ²7·
888 2076 921 2100 N¹
937 2080 1022 2100 omette
1036 2084 1078 2100 nos

343 2172 418 2198 1402,
435 2165 453 2191 il
474 2173 504 2199 23
526 2165 616 2202 aprile,
636 2167 703 2194 ebbe
722 2169 766 2203 poi
785 2167 811 2194 la
836 2168 918 2203 pode-
998 2169 1051 2196 Per
1076 2175 1178 2205 quanto
1197 2174 1284 2204 spetta
1309 2168 1362 2194 alla
1386 2167 1447 2194 data
1466 2167 1538 2194 della

340 2208 420 2235 steria
443 2208 470 2235 di
488 2214 562 2236 terzo
582 2209 666 2245 grado
686 2210 713 2236 di
732 2210 917 2247 Carmignano
962 2217 1085 2246 presente
1117 2210 1240 2246 epistola,
1271 2210 1377 2236 bastera
1408 2209 1539 2236 avvertire

341 2258 356 2276 e
375 2250 540 2277 Bacchereto
560 2251 587 2277 in
607 2251 659 2278 Val
678 2252 857 2280 d'Ombrone
877 2253 917 2289 pi·
963 2253 1014 2279 che
1040 2253 1189 2280 Benedetto
1216 2251 1330 2285 Grifoni,
1352 2251 1379 2278 di
1403 2252 1445 2278 cui
1470 2251 1489 2278 il
1509 2251 1537 2279 S.

341 2292 438 2319 stoiese
458 2294 530 2329 (Reg.
555 2294 597 2321 cit.
624 2304 646 2321 c.
666 2295 696 2322 81
709 2295 754 2329 A);
773 2296 818 2322 nel
839 2303 916 2331 1404,
961 2295 1112 2331 rimpiange
1132 2295 1158 2322 la
1174 2295 1226 2322 fine
1239 2295 1392 2326 immatura,
1408 2295 1478 2320 mori
1491 2293 1537 2320 nel

341 2335 402 2361 addi
416 2343 444 2362 11
458 2336 572 2371 ottobre,
584 2337 672 2372 quella
688 2338 715 2364 di
730 2338 831 2365 Foiano
844 2339 915 2374 (Reg.
965 2346 1045 2374 13973
1065 2337 1098 2364 cf.
1117 2343 1181 2364 nota
1203 2345 1213 2364 ι
1235 2345 1250 2363 a
1272 2345 1297 2372 p.
1320 2336 1378 2372 196.

339 2377 382 2403 cit.
404 2386 426 2404 c.
443 2385 476 2413 49
487 2379 525 2413 Β),
539 2378 589 2404 che
606 2387 650 2405 era
669 2379 696 2405 di
715 2379 803 2415 primo
822 2380 916 2416 grado.
997 2381 1039 2414 (1)
1059 2380 1147 2415 [C1c.]
1167 2379 1210 2407 Ad
1224 2379 1336 2406 Herum.
1352 2379 1386 2411 II,
1400 2386 1479 2411 xxm,
1495 2385 1536 2412 50.

1563 873 1602 897 10

1566 1164 1602 1197 ¹5

1563 1446 1606 1470 20

1564 1727 1605 1760 25
