1696 2782
0 1883 5 1965 ἑ

0 1981 7 2017 ι

71 951 108 975 to

69 1241 108 1274 15

67 1529 110 1554 20

68 1850 108 1884 25

411 294 460 321 DI
491 292 756 322 coLucmo
788 293 1058 320 SALUTATI.
1271 294 1330 327 ¹37

136 420 296 464 ingenitas
314 419 365 452 vel
389 419 490 452 illatas
513 428 568 453 aut
591 419 680 452 aliter
698 419 924 463 contingentes
943 419 1103 459 omittam,
1123 419 1189 463 ipsa
1213 430 1268 462 per
1285 430 1332 459 se,

136 479 219 512 sicut
233 478 336 522 inquit
352 478 508 512 Comicus
519 478 566 518 (¹),
583 477 716 511 morbus
731 486 788 511 est.
835 477 891 510 sed
906 477 1035 510 illorum
1055 486 1087 510 et
1106 488 1181 510 meo
1196 477 1330 510 nomine

136 537 176 569 sit
194 547 316 569 nomen
336 536 470 569 Domini
492 535 708 575 benedictum,
724 547 822 579 quem
842 546 916 569 cum
940 535 1039 568 sciam
1063 535 1218 580 attingere
1233 546 1250 568 a
1266 535 1331 569 fine

137 594 175 628 ad
191 593 291 628 finem
303 595 412 628 omnia
427 594 551 628 fortiter
564 602 596 627 et
615 594 784 638 disponere
801 602 914 628 cuncta
930 594 1070 627 suaviter
1081 593 1127 634 (²),
1142 602 1245 627 certus
1257 605 1331 627 sum

135 654 246 686 omnia
269 652 351 686 bene
371 662 403 686 et
425 653 584 696 sapienter
606 651 710 686 facere
730 661 762 685 et
784 652 818 686 in
841 651 942 685 finem
961 652 1134 695 optimum,
1148 663 1245 696 quem
1265 652 1331 696 ple-

134 722 271 755 rumque
289 710 429 755 cogitare
453 722 520 745 non
544 721 726 754 possumus,
743 709 900 743 ordinare.
946 720 1015 743 non
1035 718 1142 743 autem
1162 710 1253 743 amisi
1274 709 1332 743 bo-

136 780 213 804 nam
235 766 420 812 coniugem,
445 767 501 802 sed
531 768 672 812 premisi,
695 779 762 801 non
786 767 919 811 perdidi,
949 767 1004 800 sed
1029 766 1193 801 recondidi
1222 766 1331 802 officio

135 826 254 861 funeris
277 827 310 860 in
334 827 422 860 terris
446 835 488 866 et,
512 835 548 860 ut
575 837 680 870 spero,
703 825 828 860 devotis
851 825 1050 859 orationibus
1077 823 1260 869 frequenter
1282 826 1329 859 in-

136 884 311 924 tercedens,
330 885 356 918 si
375 885 465 918 Deus
488 893 671 928 peccatores
694 882 792 924 audit,
809 882 842 916 in
861 882 946 916 celis.
993 892 1027 916 tu
1044 894 1132 923 vero,
1144 882 1232 927 quod
1252 883 1331 917 ami-

137 943 212 977 cicie
242 943 371 987 signum
399 952 457 982 cst,
480 953 610 976 mecum
641 942 838 975 amarissime
866 939 1057 980 conflevisti,
1082 952 1149 974 non
1179 940 1330 974 ordinans

136 1001 198 1035 hoc
220 1001 254 1035 in
276 1002 447 1046 gemitum,
471 1000 527 1034 sed
551 999 591 1033 ad
615 999 855 1039 consolationis,
873 1009 970 1043 quam
993 998 1165 1042 prudenter
1188 998 1331 1040 adhibes,

136 1057 392 1092 fundamentum.
433 1059 506 1103 quis
521 1059 609 1091 enim
627 1066 676 1091 est
694 1056 852 1090 efficacior
867 1056 1061 1096 consolator,
1073 1067 1170 1100 quam
1185 1056 1240 1100 qui
1256 1067 1331 1090 con·

135 1116 223 1150 dolet
245 1125 277 1150 et
301 1116 522 1160 complangit?
568 1126 735 1160 nunquam
759 1114 939 1148 dolentibus
966 1114 1223 1148 consolationem
1247 1123 1330 1148 attu-

136 1174 219 1215 leris,
250 1174 310 1208 nisi
340 1174 525 1218 participem
558 1172 669 1207 feceris
696 1181 728 1206 te
757 1172 886 1206 doloris.
941 1172 1086 1206 lacrimas
1116 1172 1223 1216 igitur,
1252 1183 1330 1216 quas

136 1232 269 1266 extorsit
292 1243 393 1273 amor,
415 1241 471 1266 tua
499 1231 538 1265 ad
567 1231 822 1265 consolationem
853 1230 1035 1263 humanitas
1059 1229 1228 1263 ordinavit.
1275 1229 1330 1263 sed

137 1300 230 1324 verus
253 1299 301 1323 est
324 1289 506 1324 consolator
528 1289 628 1323 Deus.
678 1288 791 1323 frustra
813 1287 945 1333 quidem
969 1287 1070 1321 homo
1095 1287 1190 1321 verba
1214 1299 1330 1321 conso-

135 1347 262 1381 lationis
281 1347 427 1389 inculcat,
446 1347 519 1381 licet
538 1347 731 1387 acutissima,
747 1346 821 1380 licet
835 1357 920 1387 vera,
936 1347 962 1380 si
983 1346 1071 1380 Deus
1091 1357 1147 1379 cor
1166 1357 1232 1379 non
1257 1356 1330 1390 ape-

136 1405 244 1446 ruerit,
266 1405 357 1450 sique
379 1405 565 1446 tumultum‚
591 1416 688 1450 quem
712 1404 806 1438 dolor
828 1404 1024 1445 excitaverit,
1053 1415 1119 1437 non
1145 1413 1329 1448 componat.

137 1475 200 1510 ago
217 1463 274 1498 tibi
293 1464 422 1509 gratiaS,
435 1464 490 1508 qui
514 1463 611 1497 michi
633 1474 820 1507 compassus
850 1463 904 1503 sis,
930 1462 1048 1506 quique
1069 1473 1121 1495 me
1145 1461 1184 1495 ad
1208 1461 1329 1506 patien-

137 1522 215 1556 tiam
239 1532 305 1557 tam
329 1521 475 1556 ardenter
497 1531 626 1566 tamque
651 1521 795 1566 apposite
818 1521 861 1554 sis
885 1519 1040 1561 hortatus,
1065 1528 1100 1554 ut
1123 1531 1181 1565 pro
1205 1531 1260 1553 me
1283 1519 1328 1553 vi-

138 1591 238 1625 ceque
261 1589 316 1614 tue
339 1580 524 1614 commatris
547 1578 692 1614 affandus
715 1579 773 1614 sis:

597 1655 683 1683 nichil
699 1655 755 1689 tibi,
774 1656 871 1688 amice,
890 1654 1027 1686 relictum;

356 1705 460 1733 Omnia
481 1706 625 1733 commatri
646 1704 750 1732 solvisti
769 1710 796 1731 et
814 1703 914 1732 funeris
934 1703 1036 1730 umbris
1045 1701 1090 1731 (⁵).

138 1796 224 1819 nunc
247 1794 366 1825 autem,
390 1793 425 1819 ut
448 1796 578 1819 mecum
601 1784 786 1825 consoleris,
805 1783 988 1818 dulcissime
1014 1783 1143 1824 Iacobe,
1161 1784 1242 1817 scito
1266 1794 1329 1823 me,

139 1842 217 1877 dum
242 1843 293 1876 illa
311 1842 371 1876 fuit
389 1843 422 1877 in
441 1843 524 1877 illius
543 1842 632 1888 longi
651 1852 683 1877 et
701 1842 836 1876 extremi
858 1842 1007 1886 passione
1025 1841 1160 1882 doloris;
1179 1850 1330 1886 quatuor·

139 1899 242 1935 decim
262 1900 349 1935 enim
368 1900 479 1935 diebus
498 1912 572 1935 cum
598 1910 701 1935 morte
719 1900 837 1935 luctata
857 1909 921 1940 est;
941 1911 994 1933 me
1014 1899 1112 1933 fuisse
1136 1900 1168 1933 in
1194 1898 1330 1932 lacrimis

139 1968 171 1993 et
189 1970 324 1999 merore,
339 1970 404 1993 non
425 1958 468 1992 illi
487 1959 595 1993 solum
613 1957 783 1993 affectione
799 1959 1008 2002 compatiens,
1024 1957 1082 1992 sed
1101 1956 1199 1991 michi
1217 1956 1331 1990 dolens

193 2073 216 2096 3.
230 2065 260 2089 Β
274 2066 306 2089 dd
320 2066 365 2089 due
379 2066 438 2089 mlle
446 2066 475 2089 dt
527 2066 548 2089 ⁶.
559 2066 596 2088 Me
603 2065 667 2088 erninl
722 2071 744 2094 7.
757 2064 786 2087 υ
795 2063 827 2087 N'
838 2064 931 2087 recondi
988 2071 1026 2092 ¹⁴·
1037 2063 1066 2086 υ
1078 2063 1201 2093 paninum
1262 2061 1294 2084 N¹
1310 2066 1332 2084 te

140 2107 184 2131 fec.
242 2113 320 2136 19-20.
331 2106 364 2130 Νι
375 2107 403 2130 ed
413 2111 459 2135 pat.
468 2114 503 2129 me
513 2106 535 2129 ln
545 2111 590 2130 tam
599 2106 725 2133 ardentem3
735 2106 840 2128 ramma
847 2105 934 2135 pamla
943 2107 1047 2127 conella
1060 2105 1085 2127 in
1095 2104 1197 2126 ardenter
1250 2109 1287 2133 ²3·
1298 2103 1332 2132 et]

141 2145 211 2169 N¹in
265 2145 564 2177 25.Udopofuitddet

140 2250 231 2271 mente
250 2243 361 2271 insciam
379 2243 405 2270 la
424 2251 513 2270 nuova
532 2252 580 2279 per
597 2243 714 2271 l’antice
758 2242 811 2270 alle
830 2241 946 2278 epistole
965 2242 1016 2269 che
1035 2242 1081 2276 pin
1099 2239 1167 2267 tardi
1179 2238 1217 2274 gli
1234 2238 1335 2265 diresse

141 2287 235 2323 petrin.
270 2286 316 2313 Ma
334 2286 407 2322 degli
425 2285 509 2313 effecti
533 2286 587 2313 che
604 2285 642 2314 ul
658 2294 714 2313 mu-
759 2284 898 2313 eoluccio.

140 2327 299 2356 umentodi
311 2328 416 2355 dimon
428 2330 522 2355 arreco
531 2329 574 2355 nei
585 2328 645 2355 suoi
657 2335 714 2355 sen-
795 2327 838 2362 (ι)
857 2326 986 2354 Taum.
1015 2325 1143 2356 Pbormn'o,
1162 2322 1209 2355 IV,
1231 2330 1250 2356 ι,
1277 2329 1336 2358 574.

140 2370 246 2398 timenti
263 2369 367 2406 politici
386 2378 402 2397 e
422 2369 493 2398 della
515 2377 591 2406 parte
610 2370 662 2397 che
686 2370 715 2397 in
795 2370 839 2404 (2)
858 2369 916 2404 Sap.
931 2367 1005 2400 VIII,
1030 2374 1051 2394 1.

142 2412 248 2448 seguino
266 2414 440 2448 rappreeento
455 2413 483 2440 in
497 2413 588 2446 siena,
603 2420 715 2440 avremo
795 2412 839 2446 (3)
855 2411 943 2438 Vno.
965 2410 1028 2437 Aen.
1043 2408 1091 2441 VI,
1109 2415 1231 2443 509-1o;
1255 2414 1299 2434 ma
1318 2405 1337 2434 il

143 2455 316 2491 opportuni&
333 2455 549 2482 d'intnttenerd
560 2454 631 2482 nelle
650 2461 715 2482 note
761 2459 832 2482 testo
850 2453 894 2480 nel
914 2452 944 2480 2⁰
963 2459 1042 2479 verso
1061 2451 1096 2478 da
1112 2461 1127 2475 α
1138 2449 1284 2486 Deiphobo
1295 2459 1319 2476 ιο.

248 2524 357 2547 comio
369 2523 484 2553 salumn,
498 2524 540 2547 111.
1199 2512 1230 2548 9⁸

1384 476 1418 496 En
1437 476 1510 503 poiche
1529 476 1571 496 nio

1358 504 1403 523 conl
1418 503 1480 527 velle,
1496 503 1526 523 nie
1539 503 1573 523 be-

1358 530 1442 578 peedeetto
1457 529 1472 550 il
1485 536 1524 550 mo
1535 536 1572 550 vo-

1384 885 1403 906 11
1417 885 1496 909 Hanni.
1529 886 1534 892 '

1358 913 1425 959 ἷεαάο
1436 892 1571 944 con'lmzulz

1367 944 1412 959 etto
1432 939 1502 959 :afficio
1521 939 1570 960 (Ιί-

1358 967 1420 990 mico.
1435 973 1468 986 mn
1481 973 1525 986 ιιοιι
1534 973 1571 993 po·

1357 998 1404 1013 teve
1418 992 1547 1018 consoler-lm

1357 1227 1450 1248 solt-nto
1475 1227 1532 1248 ladio
1558 1229 1569 1247 ὲ

1357 1260 1431 1282 capace
1443 1254 1463 1275 di
1477 1259 1543 1276 unto-

1384 1463 1483 1485 Tumvh
1506 1463 1535 1491 gli
1558 1465 1570 1484 e

1357 1495 1418 1518 gnte
1439 1490 1492 1512 dell-n
1513 1495 1569 1518 parte

1357 1524 1415 1546 pren
1424 1517 1445 1538 nl
1458 1524 1496 1538 ouo
1506 1517 1569 1542 lutto.

1358 1789 1369 1802 e
1396 1781 1503 1802 Pmiem
1531 1780 1570 1801 cb·

1357 1815 1379 1830 oe
1392 1809 1477 1829 dume:
1491 1807 1511 1827 In
1527 1813 1570 1827 m-

1357 1836 1416 1856 lmi-
1429 1835 1449 1855 ds
1460 1834 1519 1855 Piera
1527 1833 1571 1861 qu

1357 1865 1495 1883 caumate
1500 1861 1518 1881 ni
1525 1860 1572 1881 dol-

1357 1888 1495 1916 nea-m,
