1682 2762
118 408 129 422 e
143 406 208 426 tono,
223 402 265 428 puo
280 407 331 421 cou-

119 429 214 448 :idei-mi
223 435 282 449 come
290 428 330 448 tri-

119 455 180 483 pssce,

119 730 192 758 poiche
202 730 227 762 ‚ni
241 730 281 751 iun
295 731 330 758 qui

119 763 150 778 ΙΝ
163 762 215 778 Von-

144 1740 189 1760 Puo
210 1740 266 1761 forse
287 1740 328 1760 An·

118 1767 190 1787 dreolo
204 1767 278 1788 andare
292 1774 328 1794 pn-

118 1800 146 1821 go
155 1794 175 1814 di
189 1794 256 1821 quest'
267 1795 329 1814 inter·

103 1846 109 1850 ·
117 1822 244 1848 pretnzione,

119 1919 178 1935 tanto
200 1915 247 1935 iuse
255 1915 331 1936 rifletta

118 1942 187 1962 nll'am
203 1942 267 1969 ignita
275 1943 330 1970 degli

119 1968 195 1989 antichi
217 1969 301 1993 oraculi.
318 1976 330 1990 a

118 1995 175 2016 volte
199 1995 278 2015 feudati
305 2003 330 2017 su

119 2022 214 2049 equivoci
224 2022 243 2042 di
252 2024 328 2050 psi-oie,

361 264 422 296 168
778 268 1124 297 EPISTOLARIO

359 409 390 434 et
413 400 475 433 hoc
498 401 537 432 sit
560 399 739 432 secundum
762 407 887 431 votum.
944 397 1072 430 tertium
1099 405 1216 437 autem,
1241 406 1276 430 ut
1299 408 1366 430 non
1391 396 1555 431 differatur

358 457 563 502 supplicium3
589 456 675 489 unde
698 455 881 490 subiunxit:

605 533 656 560 Fer
675 532 886 559 abominandam
899 540 970 559 nunc
989 540 1070 567 opem
1083 538 1158 567 nato,
1174 540 1279 567 parens.

359 619 394 644 ut
419 610 489 643 luce
517 620 621 642 carere
654 609 795 652 primum
825 609 877 648 sit,
897 607 1076 642 secundum
1107 608 1262 642 iuvenem
1285 609 1369 642 mori
1399 618 1442 649 et,
1474 609 1553 643 irato

357 677 455 712 patre,
478 666 596 700 inferos
623 665 720 707 adire,
744 666 872 699 tertium
898 675 1017 707 autem,
1042 674 1078 699 ut
1101 677 1199 706 nuuc,
1219 665 1283 699 hoc
1306 675 1355 699 est
1377 666 1446 700 sine
1469 675 1553 700 tem—

357 726 442 769 poris
465 724 711 768 intercapedine,
730 723 786 757 fiat
804 723 893 768 quod
912 724 998 768 petit.
1045 733 1120 758 sunt
1138 724 1235 768 igitur
1249 724 1375 758 realiter
1391 725 1449 758 tria
1465 732 1552 765 vota,

357 783 428 816 luce
446 783 561 826 privari
582 791 623 822 et,
642 793 683 815 ne
702 782 764 815 hoc
783 782 852 815 sine
867 791 972 815 morte
990 780 1092 822 fieret,
1108 780 1193 815 adire
1210 793 1332 822 manes,
1355 781 1437 815 idest
1459 782 1552 823 mori,

358 850 389 874 et
412 841 541 874 tertium
564 852 604 874 ne
628 840 765 884 parentis
788 840 858 873 irati
883 849 1024 873 mutetur
1048 838 1189 873 affectus.
1254 849 1328 873 sunt
1351 848 1384 873 et
1406 849 1553 884 tempore

357 900 428 940 tria,
458 898 604 932 videlicet
628 897 799 942 aliquando
823 898 918 938 mori,
937 898 1092 931 iuvenem
1115 898 1199 931 mori
1221 907 1264 938 et,
1287 897 1375 942 quod
1398 898 1469 942 plus
1492 907 1551 939 est,

357 969 443 990 nunc
467 957 559 990 mori.
610 955 698 1000 quod
732 955 863 1000 quidem
892 955 939 988 sic
961 955 1096 1005 intelligi
1119 966 1226 999 posse,
1249 955 1317 988 imo
1347 955 1472 996 debere,
1501 966 1553 990 se-

357 1026 458 1059 quens
482 1014 582 1048 littera
605 1013 709 1047 docet.
775 1012 911 1047 affirmat
935 1013 1023 1046 enim
1047 1013 1196 1047 Theseus
1219 1025 1254 1046 se
1287 1025 1454 1058 nunquam
1476 1014 1552 1053 alias

357 1073 418 1106 hac
440 1073 540 1118 gratia
563 1084 671 1113 usum,
694 1070 812 1105 ibidem
837 1071 960 1105 dicens:

605 1149 677 1175 Inter
695 1147 827 1183 profunda
847 1147 963 1174 Tartara
982 1154 1008 1174 et
1023 1147 1115 1175 Ditem
1129 1147 1279 1181 horridum,

605 1197 638 1224 Et
655 1197 829 1224 imminentes
848 1198 919 1232 regis
937 1196 1035 1224 inferni
1054 1197 1153 1229 minas,

605 1247 677 1274 Voto
696 1247 818 1282 peperci:
836 1246 919 1273 redde
937 1255 1010 1273 nunc
1026 1251 1135 1281 pactam
1153 1245 1235 1273 fidem
1249 1246 1290 1273 (¹).

357 1332 388 1356 et
411 1331 446 1356 ut
469 1322 502 1355 in
525 1322 687 1366 premissis
710 1320 942 1355 exsolvendam
958 1319 1056 1354 fidem
1072 1320 1239 1365 impletam
1255 1321 1413 1362 ostendat,
1430 1321 1552 1356 dixerat

357 1380 452 1425 paulo
476 1380 579 1424 prius:

603 1437 751 1473 Nunquam
769 1445 927 1473 supremum
946 1437 1066 1464 numinis
1080 1446 1176 1464 munus
1191 1438 1230 1465 tui

605 1486 847 1519 Consumeremus,
866 1494 966 1521 magna
985 1486 1012 1512 ni
1028 1491 1181 1521 premerent
1195 1485 1266 1512 mala
1275 1485 1318 1513 (²).

356 1563 488 1598 videsne
508 1574 606 1608 quarn
623 1562 703 1596 clare
719 1571 822 1596 totam
841 1562 937 1596 trium
956 1571 1108 1596 votorum
1126 1562 1261 1606 gratiam
1276 1574 1311 1596 se
1327 1563 1445 1596 sentiat
1460 1573 1550 1597 com-

1583 965 1623 990 10

1584 1246 1620 1280 15

1579 1566 1622 1591 20

355 1621 551 1667 prehendere
575 1631 607 1655 et
625 1629 758 1655 testetur
776 1620 965 1654 absolvere?
1010 1630 1046 1654 ut
1065 1620 1117 1654 hic
1131 1619 1213 1654 forte
1228 1632 1341 1655 sensus
1357 1632 1425 1655 non
1443 1621 1550 1666 inepte
1600 1641 1604 1645 «

356 1681 395 1714 de
419 1681 533 1725 quesiti
556 1681 603 1714 tui
626 1689 658 1713 te
682 1679 793 1713 liberet
815 1678 1018 1722 labyrintho;
1042 1690 1202 1724 nusquam
1226 1680 1314 1712 enim
1337 1679 1411 1713 alibi
1433 1690 1487 1713 me
1506 1679 1551 1714 le-

356 1739 440 1784 gisse
465 1739 674 1772 commemini
697 1749 838 1782 quenam
862 1737 953 1770 aliter
975 1737 1094 1770 fuerint
1117 1737 1177 1771 ista
1193 1746 1279 1771 vota.
1328 1746 1419 1782 potes
1442 1738 1551 1784 igitur,

357 1796 460 1831 donec
483 1797 588 1840 potior
611 1795 667 1829 tibi
690 1807 803 1829 sensus
826 1795 1007 1835 occurrerit,
1032 1796 1057 1829 si
1081 1795 1195 1839 placet,
1215 1795 1297 1829 hanc
1313 1790 1550 1840 expositionem

358 1855 518 1899 amplecti,
541 1866 639 1898 quam
662 1853 762 1887 michi
785 1862 869 1887 retro
893 1853 1082 1886 multotiens
1106 1854 1260 1897 cogitanti
1279 1854 1387 1887 visum
1411 1863 1459 1888 est
1481 1866 1550 1889 non

357 1913 573 1957 incongruum
597 1912 779 1957 approbare.
828 1912 878 1945 cui
898 1911 997 1945 velim
1015 1911 1147 1946 accedat
1166 1911 1329 1952 demonia,
1349 1923 1549 1957 paganorum

358 1971 446 2012 deos,
460 1971 608 2005 involuta
622 1982 749 2015 semper
761 1969 885 2004 dedisse
896 1974 1161 2015 responsa'eaque
1175 1970 1363 2015 plerumque
1375 1970 1549 2005 verborum

357 2041 425 2063 non
449 2029 556 2063 minus
586 2028 683 2063 fuisse
711 2039 809 2073 quam
831 2039 956 2069 rerum;
985 2037 1020 2061 ut
1044 2029 1163 2061 mirum
1186 2039 1256 2062 non
1279 2029 1329 2069 sit,
1350 2029 1376 2062 si
1406 2028 1549 2074 singulas

356 2088 492 2132 petentis
509 2087 670 2121 orationes
682 2086 861 2130 nimiasque
880 2086 1051 2130 petitiones
1065 2086 1134 2120 sive
1146 2086 1339 2131 petitionum
1357 2085 1549 2121 differentias

355 2157 414 2190 pro
430 2146 514 2179 votis
534 2145 667 2190 singulis
687 2152 923 2189 computemus.
971 2155 1048 2178 nam
1066 2145 1093 2178 si
1110 2144 1259 2178 Theseus
1270 2145 1377 2178 solum
1388 2145 1547 2190 petiisset:

601 2220 664 2247 Non
683 2226 775 2247 cernat
793 2220 863 2246 ultra
874 2220 995 2247 lucidum
1011 2220 1176 2256 Hippolytus
1192 2220 1275 2253 diem,

412 2337 448 2358 14.
464 2331 521 2354 Cod.
536 2330 673 2353 imminentis
742 2330 777 2353 26.
791 2330 848 2353 Cod.
862 2330 970 2352 accedant

392 2433 435 2468 (1)
456 2433 520 2460 Sim.
541 2433 591 2461 loc.
613 2434 654 2461 cit.
674 2442 717 2461 vv,
736 2442 853 2469 951-53.
1012 2434 1054 2469 (2)
1074 2433 1140 2461 Sim.
1158 2434 1210 2461 loc.
1229 2434 1273 2461 cit.
1292 2442 1335 2460 vv.
1355 2441 1469 2470 949-50.

1577 1856 1620 1890 25

1577 2150 1620 2184 30
