1696 2782
135 427 194 448 spen
208 420 268 441 veder
277 424 346 447 presto

136 447 165 468 lui
207 453 250 471 ure,
280 447 346 466 sicehe

136 475 181 494 ms
208 480 262 494 reve.

161 500 239 521 Voleva
245 499 345 520 esonarIo

134 534 146 547 ι
159 527 236 547 audiar
252 533 291 547 con
311 533 345 546 co-

134 554 206 581 nggio
238 554 316 573 nziente
330 553 345 573 i1

137 587 199 607 greco
212 581 218 600 i
233 581 295 604 iomn,

133 919 197 959 ‘arnon
207 912 345 958 &weng-*gi

134 946 345 992 colit2d²zc¹he¹p1eveselnd

133 993 152 1012 ln
158 993 266 1020 cognizion
271 991 344 1012 delles-

133 1019 182 1051 sico,
191 1026 202 1038 e
216 1019 268 1039 dell·
277 1025 344 1045 gram·

133 1051 215 1070 manen,

133 1542 284 1569 indispensabili
291 1547 344 1562 stru-

133 1569 294 1615 355321155522:
297 1575 344 1615 ⁶3:2⁶.

135 1627 155 1641 in
164 1628 170 1646 3

98 1840 105 1845 ‚
134 1826 167 1839 ma
181 1820 256 1840 dacche
273 1820 294 1840 lo
312 1827 345 1841 ve-

134 1846 169 1866 dra
191 1846 230 1866 ben
253 1852 310 1867 tosto
334 1847 346 1866 ὲ

377 292 437 324 130
802 286 1145 314 EPISTOLARIO

373 426 402 450 te
427 416 521 449 simul
545 425 575 448 et
598 415 687 448 illurn
712 413 919 458 personaliter
942 413 992 446 hic
1016 413 1124 446 videre
1148 424 1259 457 sper03
1283 424 1384 457 pauca
1407 413 1503 457 igitur
1519 413 1565 447 di-

373 474 471 508 cenda
494 482 578 507 sunt.
625 481 691 506 erat
719 472 806 505 enim
837 472 868 504 in
903 471 1013 504 animo
1044 481 1075 504 te
1099 470 1138 504 ad
1162 471 1303 505 studium
1330 471 1501 512 exhortari,
1525 483 1566 505 ne

372 532 459 565 labor
492 540 545 564 aut
578 529 744 563 difficultas
776 529 877 573 aliqua
907 538 949 570 te,
973 529 1055 562 sicut
1087 528 1242 573 plurimos
1273 529 1349 570 vidi,
1377 529 1566 571 deterreret;

371 590 458 635 quod
477 589 625 622 facillime
645 588 804 631 contingit
815 588 964 631 quotiens
983 587 1136 631 precurrit
1150 587 1318 632 ingenium
1342 596 1374 621 et
1392 587 1567 621 transvolat

372 647 548 681 intellectus
573 645 782 689 disciplinam,
806 645 1018 689 quotiensque
1047 645 1118 689 plus
1149 644 1359 689 intelligimus
1382 656 1480 690 quarn
1508 645 1567 679 do·

372 716 490 745 cernur,
514 704 668 748 pluraque
692 713 800 737 mente
825 703 968 747 capimus
991 714 1090 747 quam
1106 703 1264 736 memoria
1287 712 1464 737 teneamus.
1509 703 1567 738 sed

921 779 998 806 labor
1015 781 1107 806 omnia
1128 780 1211 806 vincit

689 828 841 863 improbus,

373 915 407 940 ut
418 906 467 940 ille
483 906 578 939 ait<¹>.
626 914 703 948 puto
720 904 863 948 quidem,
881 916 954 937 cum
971 905 1101 938 scientie
1117 905 1180 938 siut
1200 905 1314 938 eedem
1328 917 1426 949 penes
1440 917 1565 947 omnes,

372 964 404 996 in
429 962 573 996 doctrina
596 961 796 1006 percipienda
821 961 1144 998 Grecorumdifficile
1161 962 1217 995 tibi
1237 962 1426 1007 difficileque
1445 963 1567 997 solum-

372 1021 471 1054 modo
497 1020 617 1054 cunctis
642 1019 709 1053 fore
734 1030 928 1063 cognoscere
956 1020 1110 1053 terminos
1141 1030 1172 1054 et
1197 1020 1428 1055 vocabulorum
1457 1030 1566 1056 tenere

372 1090 446 1112 cum
469 1078 754 1122 significationibus
773 1079 997 1122 proprietates;
1014 1088 1049 1111 ut
1068 1078 1099 1111 in
1121 1078 1180 1112 hac
1199 1088 1285 1123 parte
1303 1080 1343 1113 sit
1363 1080 1502 1113 maxime
1522 1080 1567 1114 la-

372 1136 562 1177 borandum,
572 1145 607 1170 ut
624 1147 800 1180 cognoscas
816 1145 848 1169 et
863 1136 895 1169 in
910 1145 1060 1180 promptu
1076 1146 1184 1170 teneas
1197 1136 1353 1171 dictiones
1367 1138 1445 1182 quid
1459 1137 1566 1172 dicant

371 1194 487 1238 quidve
511 1186 765 1237 consignificent,
788 1202 823 1226 ut
847 1202 988 1227 actutum
1019 1193 1128 1228 videas
1158 1195 1259 1239 qualis
1285 1195 1349 1229 sint
1370 1195 1565 1235 inflexionis,

1594 653 1612 686 5

1598 970 1637 994 10

370 1252 518 1296 qualique
545 1252 677 1292 ratione,
701 1251 727 1284 si
759 1251 956 1295 primitivum
988 1263 1055 1285 non
1088 1253 1236 1294 extiterit,
1261 1252 1433 1294 derivetur,
1464 1254 1578 1299 perci-⁸
1597 1264 1633 1297 15

371 1310 528 1354 piarisque
569 1320 708 1343 canones
742 1309 891 1343 omnium
925 1309 1179 1344 declinationum
1209 1319 1241 1344 et
1279 1312 1565 1356 compositionum,

370 1368 483 1412 quibus
514 1367 724 1412 significative
748 1379 845 1401 voces
871 1367 923 1401 vel
946 1377 1010 1402 arte
1034 1368 1086 1402 vel
1109 1380 1169 1402 usu
1194 1370 1432 1414 coniunguntur
1454 1379 1486 1404 et
1509 1381 1564 1415 ge—

374 1435 533 1465 nerantur,
557 1437 622 1469 quo
646 1418 736 1458 facile
766 1426 868 1469 possis
892 1437 959 1459 non
982 1426 1088 1460 solum
1113 1427 1244 1461 inventa
1274 1439 1480 1472 cognoscere,
1509 1428 1565 1462 sed

380 1484 476 1517 etiam
510 1495 565 1527 per
598 1492 697 1516 temet
720 1493 789 1516 tum
822 1483 978 1517 vocabula
1001 1483 1116 1518 cudere
1144 1495 1226 1526 tum,
1248 1485 1274 1519 si
1296 1484 1391 1519 fuerit
1418 1497 1565 1520 commo-

378 1542 465 1581 dum,
481 1542 672 1575 combinare.
721 1542 790 1582 ista,
807 1541 898 1575 crede
918 1542 1027 1583 michi,
1044 1543 1212 1587 proficient
1231 1544 1319 1588 quod
1331 1556 1387 1589 per
1405 1545 1565 1590 legitimas

375 1611 482 1634 causas
506 1599 587 1633 facili
611 1599 717 1633 labore
742 1600 949 1644 maximoque
967 1600 1090 1634 lumine
1106 1603 1215 1635 venias
1239 1603 1272 1636 in
1285 1602 1425 1644 effectus,
1441 1614 1509 1638 non
1524 1603 1564 1637 ab

372 1657 543 1691 effectuum
563 1657 697 1691 tenebris
717 1670 790 1691 curn
804 1657 986 1692 difficultate
999 1658 1229 1704 dispendioque
1242 1661 1394 1705 temporis
1411 1660 1563 1695 ascendas

371 1718 403 1749 in
418 1716 527 1749 lumen
547 1716 668 1759 quesite
687 1715 804 1760 diuque
821 1717 975 1760 vestigate
995 1718 1147 1758 rationis;
1167 1728 1268 1752 certus
1288 1718 1371 1763 apud
1387 1719 1474 1764 ipsos
1492 1731 1563 1754 esse

373 1772 494 1816 digesta
517 1772 568 1805 illa
590 1774 753 1817 principia,
777 1785 839 1817 que
868 1774 894 1806 si
917 1785 973 1817 per
996 1777 1176 1818 posteriora
1205 1777 1355 1820 requiras,
1379 1777 1434 1810 vix
1447 1777 1564 1811 ·valeas

373 1831 527 1863 invenire.
573 1830 629 1863 sed
645 1830 720 1874 quid
736 1831 795 1864 ista
811 1843 898 1864 nunc
914 1832 1029 1872 scribo,
1054 1844 1130 1866 cum
1157 1842 1189 1867 te
1212 1834 1274 1868 sim
1297 1847 1314 1868 e
1337 1835 1475 1880 vestigio
1493 1846 1564 1880 per-

429 1951 446 1965 ι.
462 1944 517 1967 Cod.
532 1945 606 1973 legge
620 1945 696 1966 videre
714 1951 801 1972 pauca,·
815 1945 864 1967 alla
885 1945 970 1967 lacuna
990 1945 1076 1968 dovura
1086 1947 1160 1976 sone
1177 1954 1192 1970 a
1211 1948 1391 1978 sbadamggt'ne
1405 1949 1444 1972 del
1455 1952 1565 1972 manle

372 1985 449 2013 suppli
460 1984 496 2006 Me
507 1984 675 2006 introducendo
684 1991 751 2012 spero
761 1985 856 2013 ideoque
863 1992 873 2012 ‚·
882 1986 1013 2013 correzione
1023 1986 1054 2008 da
1064 1993 1099 2008 me
1108 1988 1135 2009 in
1141 1990 1213 2016 parte
1220 1989 1337 2011 aduttum.
1391 1997 1418 2017 4.
1428 1989 1466 2012 Me
1474 1989 1565 2019 quotie}

374 2030 395 2052 5.
406 2024 443 2046 Me
453 2024 586 2053 quotiesque
641 2025 693 2054 8-9.
705 2024 760 2047 Cod.
771 2029 796 2047 ut
806 2025 902 2053 improb.
913 2025 950 2047 ine
959 2026 990 2048 ait
1043 2033 1064 2055 9.
1078 2027 1181 2056 Dinanzi
1188 2034 1204 2050 a
1213 2029 1305 2057 quidem
1318 2030 1340 2052 1'!
1347 2030 1399 2052 eod.
1414 2030 1548 2059 legeeumt
1554 2046 1563 2059 ,

372 2065 414 2086 che
428 2065 447 2086 il
459 2065 498 2086 Me
511 2065 574 2087 muto
588 2065 613 2086 in
627 2064 675 2087 scio
702 2065 740 2087 Me
753 2071 823 2093 paene
880 2057 917 2093 ¹4-
932 2066 987 2088 Cod.
1002 2073 1016 2088 e
1029 2067 1066 2089 Me
1080 2067 1110 2090 sit
1166 2068 1243 2097 15-16.
1259 2069 1315 2092 Cod.
1331 2070 1368 2092 Me
1383 2069 1564 2100 percipiendique

373 2110 410 2125 20.
426 2103 481 2126 Cod.
499 2104 542 2126 ista
559 2110 596 2126 cre
608 2104 659 2132 (sic)
674 2104 774 2132 proficiet
788 2104 850 2133 quod
891 2105 928 2127 Me
943 2105 993 2131 ista.
1008 2107 1078 2134 crede,
1092 2107 1194 2135 perficies
1208 2108 1299 2138 quando

371 2206 422 2232 che
441 2207 549 2242 quando
568 2207 586 2233 ³1
606 2207 635 2234 S.
660 2207 696 2242 gli
721 2208 816 2234 scrisse
838 2207 864 2234 la
883 2217 942 2243 pre-

371 2255 454 2282 sente,
466 2250 490 2276 ei
501 2250 522 2276 si
532 2255 642 2276 trovava
653 2259 759 2286 sempre
768 2251 808 2277 sul
818 2250 943 2278 Bosforo.

372 2291 407 2317 Se
427 2292 498 2326 dopo
518 2291 542 2318 le
558 2292 660 2318 istanze
673 2291 776 2328 fattegli
792 2293 834 2319 dal
848 2299 942 2320 nostro

372 2333 396 2359 ei
406 2333 427 2359 si
438 2333 574 2360 decidesse
585 2334 617 2360 ad
627 2333 745 2361 affrettar
755 2335 772 2361 il
784 2343 832 2361 suo
843 2335 943 2362 ritomo

371 2382 424 2400 nou
436 2374 588 2409 sappiamo:
603 2381 677 2401 certo
692 2377 715 2408 e,
726 2376 758 2402 ad
771 2376 836 2411 ogni
848 2377 941 2410 modo,

371 2415 421 2442 che
440 2416 502 2442 nell'
511 2422 594 2443 estate
609 2417 651 2443 del
666 2417 708 2452 ’96
729 2426 812 2444 aveva
829 2418 942 2445 rimesso

370 2457 389 2484 il
399 2458 475 2493 piede
486 2467 501 2485 a
511 2459 618 2486 Firenze
626 2468 633 2492 ;
642 2459 675 2486 cf.
685 2468 727 2495 ep.
738 2468 799 2487 xxm
810 2461 837 2487 di
847 2467 942 2496 questo

986 2205 1065 2238 libro,
1079 2214 1104 2241 p.
1121 2214 1177 2234 120⁷
1218 2206 1298 2234 nene
1308 2207 1449 2242 posteriori
1463 2215 1511 2234 sue
1522 2207 1564 2234 vi-

988 2249 1072 2275 cende
1082 2257 1136 2275 non
1145 2249 1322 2276 toccheremo
1333 2257 1380 2285 per
1390 2257 1447 2283 ora,
1456 2249 1507 2276 che
1517 2249 1563 2285 piu

988 2297 1139 2326 opportuno
1155 2291 1179 2318 ci
1194 2291 1304 2318 riuscira
1320 2292 1339 2318 il
1355 2291 1433 2324 farlo,
1452 2293 1562 2328 quando

988 2333 1168 2360 illustreremo
1179 2333 1206 2361 le
1216 2333 1331 2372 epistole
1342 2334 1393 2361 che
1404 2339 1446 2361 tm
1460 2334 1481 2361 il
1495 2342 1563 2368 14⁰⁰

988 2375 1021 2401 ed
1039 2375 1059 2402 il
1081 2383 1144 2409 1405
1167 2375 1204 2409 gli
1223 2376 1324 2403 diresse
1344 2375 1484 2403 Coluccio.
1529 2399 1531 2402 Α

1023 2417 1067 2451 (ι)
1085 2417 1175 2444 VERG.
1196 2417 1286 2453 Georg.
1306 2418 1328 2449 Ι,
1349 2416 1467 2452 145-46;
1482 2426 1528 2444 ma
1542 2417 1562 2444 il

988 2465 1058 2487 testo
1076 2461 1111 2487 da
1130 2470 1144 2485 α
1161 2461 1226 2487 vicit
1239 2470 1265 2488 n.

1593 1554 1636 1578 20

1592 1844 1632 1877 25
