1682 2762
102 888 141 912 10

102 1176 138 1210 ¹5

95 1464 138 1488 20

93 1757 136 1791 25

445 237 492 264 DI
525 236 790 265 COLUCCIO
822 237 1091 265 SALUTATI.

1296 239 1359 272 209

169 361 249 395 tenti
263 362 384 395 vivant.
429 361 548 394 mirum
561 361 593 394 in
606 360 741 395 modum
756 362 912 405 patientes
924 360 1050 405 frigoris
1063 370 1095 394 et
1105 361 1230 402 caloris;
1242 360 1359 394 imbres

169 427 201 452 et
216 419 306 452 nives
330 428 362 452 et
380 419 454 452 alias
470 419 548 452 aeris
566 418 698 452 furentis
722 419 851 453 iniurias
874 419 957 463 pileo
976 419 1051 453 tecti
1069 430 1198 453 necnon
1221 428 1253 452 et
1270 418 1358 452 nudo

169 477 280 521 capite,
305 488 379 511 cum
402 488 483 521 opus
506 476 609 517 fuerit,
633 477 701 510 sine
724 476 851 520 querela
873 477 1065 521 suscipiunt;
1088 477 1188 510 lectus
1211 477 1256 510 eis
1273 476 1359 510 nuda

168 534 261 568 tellus
280 543 321 575 et,
339 546 414 568 cum
432 535 544 567 vinum
562 535 722 578 ignorent,
746 534 902 568 radicibus
921 534 1091 568 herbarum
1106 535 1292 579 plemmque
1311 535 1359 568 vi-

168 602 259 626 vunt.
307 592 422 636 quibus
452 591 569 625 artibus
596 591 742 632 instituti,
773 591 936 625 fortissimi
967 593 1109 636 corporis
1137 603 1172 625 ac
1203 591 1301 636 agiles
1329 600 1360 625 et

168 649 286 684 strenui
310 660 368 694 pro
386 649 464 683 ludo
483 658 515 683 et
533 649 639 693 quiete
659 649 832 682 militantes
852 659 940 682 arma
963 649 1149 693 suscipiunt,
1174 658 1359 682 cunctarum

167 708 393 741 necessitatum
419 706 586 742 cibationis
616 716 648 741 et
674 707 789 747 victus,
816 718 894 751 quas
922 707 1017 741 ceteri
1049 708 1145 740 nimis
1176 707 1359 747 exhorrent,

167 764 420 808 non*patientes
447 764 667 805 solummodo,
691 764 747 798 sed
775 764 925 800 fruentes.

973 764 1094 799 addunt
1120 774 1262 809 preterea
1291 765 1360 798 reli-

167 823 273 868 gionis
296 834 353 856 sue
377 822 566 862 doctrinam,
586 834 647 867 qua
673 822 827 856 docentur
850 823 932 856 mori
957 834 1014 867 pro
1046 823 1191 856 Domino
1214 823 1266 856 vel
1288 823 1360 867 lege

166 891 224 915 sua
248 891 315 914 non
328 880 506 924 gloriosum
525 880 733 914 solummodo
753 881 932 914 viventium
951 880 984 914 in
1003 880 1103 914 oculis
1122 892 1203 921 esse,
1222 880 1278 914 sed
1292 880 1360 914 fore

166 937 433 982 gloriosissimum
458 937 542 982 apud
565 938 686 978 Deum,
710 938 749 972 ad
772 949 869 982 quem
893 937 979 971 nulla
1007 938 1140 972 certiore
1164 938 1216 971 via
1238 939 1361 982 possint

800 1006 867 1029 non
890 996 979 1029 enim
1002 1007 1104 1040 usque
1135 995 1217 1030 adeo
1237 996 1360 1030 barbari

165 1063 250 1094 sunt,
274 1053 362 1097 quod
384 1054 494 1087 Deum
517 1065 586 1087 esse
609 1065 676 1087 non
699 1053 838 1094 credant,
861 1053 950 1098 quod
981 1053 1074 1087 aliam
1108 1065 1176 1088 esse
1206 1054 1305 1088 vitam
1329 1064 1361 1088 et

166 1111 302 1155 gloriam
318 1122 385 1145 uon
404 1110 611 1151 arbitrentur;
630 1111 687 1144 sed
706 1120 829 1145 certum
850 1111 969 1145 habent
986 1111 1054 1145 fore
1073 1111 1161 1156 quod
1179 1121 1360 1156 pugnantes

166 1179 223 1213 pro
243 1169 390 1202 Domino
407 1179 467 1202 suo
479 1169 531 1203 vel
545 1169 615 1213 lege
626 1180 683 1203 sua
696 1178 848 1213 perpetua
862 1170 1054 1214 recipiantur
1067 1169 1100 1203 in
1115 1169 1225 1214 gloria.

166 1235 257 1260 tanto
283 1225 406 1260 firmius
435 1226 568 1260 credunt
598 1236 719 1271 quanto
746 1227 922 1271 simplicius
953 1236 985 1261 et
1017 1226 1203 1261 ineruditius
1235 1227 1358 1261 vivunt.

165 1293 253 1318 tante
282 1295 360 1317 vero
388 1293 463 1318 sunt
495 1283 688 1326 obedientie,
714 1284 803 1329 quod
837 1284 934 1318 nichil
964 1296 1058 1328 supra
1081 1285 1184 1318 valeat
1214 1285 1357 1330 cogitari.

165 1353 252 1376 arma
278 1353 340 1386 que
363 1342 450 1386 ipsos
473 1351 608 1386 gravent
630 1351 801 1387 spernunt;
824 1342 974 1386 agilitate,
998 1342 1201 1376 multitudine
1228 1351 1259 1376 et
1282 1342 1357 1376 obe-

164 1399 284 1434 dientia
295 1399 472 1440 confidunt,
485 1411 548 1444 qua
559 1400 653 1434 simul
669 1412 704 1434 ac
717 1401 839 1434 iussum
852 1400 956 1441 fuerit,
962 1401 1013 1434 vel
1025 1401 1140 1445 pedem
1154 1400 1294 1435 referunt
1303 1401 1353 1434 vel

163 1458 196 1492 in
220 1457 327 1492 hostes
350 1459 508 1502 impetum
530 1457 660 1492 faciunt.
706 1470 792 1493 nunc
822 1458 1024 1503 dissipantur,
1048 1468 1083 1493 ut
1109 1460 1212 1493 victos
1236 1458 1357 1500 credas,

164 1527 306 1560 moxque
329 1515 563 1560 conglobantur
585 1526 617 1550 et
641 1525 759 1550 coeunt
781 1525 813 1550 et
836 1516 1004 1550 redeuntes
1030 1517 1063 1550 in
1087 1517 1188 1550 aciem
1211 1528 1355 1561 pugnam

163 1573 216 1607 vel
236 1573 394 1618 incipiunt
412 1574 462 1607 vel
481 1575 659 1608 restituunt.
705 1585 804 1608 nemo
823 1573 942 1608 vafrius
960 1575 1007 1608 eis
1022 1575 1113 1608 novit
1134 1575 1289 1608 instruere
1308 1575 1356 1608 in-

162 1631 270 1672 sidias,
292 1641 415 1666 metum
439 1631 560 1676 fingere
579 1641 611 1666 et
634 1631 741 1665 hostes
767 1642 843 1665 suos
866 1632 959 1665 variis
982 1631 1286 1666 dissimulationibus
1308 1631 1356 1666 lu-

162 1688 292 1723 dificari.
339 1689 455 1723 credite
469 1689 581 1723 michi:
594 1701 696 1733 genus
710 1690 774 1724 hoc
792 1690 975 1730 hominum,
988 1700 1127 1734 quorum
1147 1701 1222 1724 cum
1236 1701 1353 1731 mores,

162 1747 261 1780 vitam
278 1756 310 1781 et
323 1748 466 1782 instituta
477 1749 625 1792 percipio,
641 1747 888 1782 fortissimorum
913 1748 1134 1782 Romanorum
1157 1749 1254 1782 ritum
1277 1759 1354 1782 con-

161 1805 408 1850 suetudinesque
429 1806 589 1846 recordor,
612 1806 671 1840 nisi
694 1807 783 1840 Deus
806 1806 926 1846 obviet,
950 1806 1010 1840 nisi
1037 1816 1096 1840 vos
1119 1814 1151 1839 et
1174 1805 1224 1839 alii
1247 1805 1354 1850 provi—

161 1862 261 1896 deatis
281 1872 317 1896 ut
335 1863 474 1907 expedit,
489 1865 611 1898 maiora
626 1863 718 1898 faciet
733 1875 830 1908 quam
848 1863 1017 1907 putetisffl.
1063 1875 1123 1897 nos
1136 1872 1243 1897 autem
1259 1863 1352 1898 Chri-

161 1920 252 1954 stiani
273 1920 376 1955 traditi
400 1921 488 1955 luxui
508 1931 539 1955 et
558 1922 681 1962 inertie,
697 1922 819 1956 luxurie
838 1930 869 1955 et
887 1921 962 1966 gule
981 1921 1188 1961 intendimus,

166 995 318 1040 nullaque
341 995 619 1039 compendiosiore
641 995 752 1029 redire.

413 2005 442 2032 In
461 2012 521 2033 cute
540 2006 656 2033 curanda
675 2005 736 2042 plus
753 2014 824 2042 equo
842 2012 951 2042 operata
967 2005 1100 2038 iuventus,

1272 1171 1360 1214 quod

214 2111 236 2128 ε.
251 2103 280 2127 L¹
294 2107 380 2128 ornent
394 2111 480 2128 nemon
534 2112 556 2135 5.
572 2106 603 2128 R⁴
613 2105 667 2128 M·D
679 2106 810 2134 corporibus
863 2112 885 2135 7.
894 2106 925 2128 R⁴
937 2105 956 2128 C
965 2106 1020 2128 Μ-Ι)
1032 2112 1090 2135 quae
1143 2113 1166 2135 9.
1177 2104 1206 2127 L¹
1222 2104 1279 2128 mori
1292 2105 1345 2127 doc.

1194 2151 1232 2168 ao.
1242 2145 1272 2167 Re·
1280 2144 1348 2167 modo

164 2150 196 2167 ιι.
210 2144 264 2167 MD
275 2148 368 2173 pontum
425 2145 459 2168 18.
471 2145 501 2167 R⁴
513 2145 532 2167 C
541 2145 755 2174 Rtnognvdpn.

812 2152 848 2175 ¹9-
860 2145 913 2167 M-D
921 2145 988 2168 sente!
999 2149 1023 2167 ut
1059 2145 1090 2167 Ra·
1098 2145 1140 2167 fuit

144 2194 150 2198 ·
161 2190 197 2207 aa.
212 2183 243 2207 12⁴
253 2184 285 2207 Ra
293 2183 312 2206 C
323 2187 442 2207 omeuono
455 2184 563 2207 insu-uere
599 2185 652 2207 Μοι)
664 2185 695 2207 dd
708 2189 793 2208 struere
807 2191 861 2207 nov.
941 2191 980 2212 ²4·
993 2183 1023 2206 ι’
1038 2187 1125 2207 omene
1138 2190 1190 2206 cum

162 2223 244 2247 sudent
298 2224 332 2247 28.
347 2223 378 2247 1.¹
392 2224 439 2248 lux.
453 2225 508 2248 trud·
524 2231 538 2247 e
551 2231 608 2247 rem
620 2225 665 2248 due
678 2226 740 2248 volte
753 2230 774 2248 et
788 2225 866 2248 inertie
879 2237 893 2242 -
906 2225 951 2247 lux.
967 2224 1007 2247 im.
1022 2229 1044 2247 et
1059 2225 1111 2253 gule

1266 2190 1302 2212 ²7-
1318 2183 1348 2206 1³1

195 2313 239 2347 (ι)
271 2313 333 2340 Non
365 2321 520 2350 sapremmo
552 2314 670 2341 additare
697 2314 731 2341 da
775 2313 795 2341 il
813 2313 841 2341 S.
855 2313 933 2340 abbia
944 2318 1026 2340 trano
1039 2313 1076 2349 gli
1089 2312 1214 2341 elementi
1227 2320 1275 2349 pet
1286 2321 1351 2349 que-

776 2362 817 2382 sta
834 2356 916 2382 breve
935 2355 1099 2382 descrizione
1118 2354 1188 2382 della
1206 2354 1247 2381 lor
1262 2355 1316 2381 vita
1333 2362 1348 2381 e

162 2354 242 2391 quale
259 2361 300 2382 tra
318 2356 326 2382 i
345 2355 419 2383 molti
439 2356 496 2383 libri
519 2356 623 2383 relativi
641 2356 666 2383 ai
685 2356 732 2384 Sa-

161 2397 252 2425 raceni
271 2398 323 2425 che
345 2405 492 2425 correvano
511 2398 535 2424 ai
555 2398 614 2425 suoi
634 2399 730 2434 giomi,

271 2467 380 2490 cot-tecla
394 2467 505 2495 salutati,
518 2468 549 2490 m
553 2485 559 2491 .

775 2397 818 2425 de‘
830 2398 890 2425 loro
908 2398 1032 2425 costumi.

1229 2466 1259 2491 14

1386 367 1413 386 ιιὲ
1433 372 1510 387 curm
1527 367 1546 387 le
1567 368 1597 387 in-

1386 393 1491 420 temperie.

1421 471 1492 499 Igmri
1519 472 1540 493 d'
1548 474 1598 501 ogni

1385 499 1513 524 deliniens,

1386 599 1432 625 tou-
1442 593 1598 626 quindivfonis-

1387 626 1442 645 uni,
1456 624 1524 647 promi
1540 626 1553 640 ι
1566 627 1599 640 ιο-

1387 651 1456 679 “enei-
1465 646 1578 674 priv-doni
1588 653 1599 667 e

1387 673 1453 700 daug·

1415 771 1443 791 Di
1460 772 1495 798 piu
1511 772 1600 792 :redono

1387 798 1488 819 notendo
1511 799 1531 819 in
1557 798 1599 819 bn-

1387 825 1452 876 {zgssi'n
1466 831 1501 852 per
1518 825 1538 845 ln
1551 825 1599 846 fede

1388 891 1419 912 fir
1439 898 1489 912 con
1509 896 1567 919 gnta
1587 898 1600 912 a

1388 917 1438 943 Dio,

1387 1171 1426 1192 che
1457 1171 1471 1192 li
1503 1172 1598 1199 aecoglie

1386 1198 1441 1218 nell·
1463 1198 1530 1226 gloria
1553 1205 1598 1221 sm.

1407 1344 1506 1373 Spuma
1511 1346 1597 1368 anhele

1386 1372 1436 1393 ami
1445 1379 1457 1392 e
1465 1372 1499 1393 nol
1507 1372 1596 1394 confida-

1385 1405 1413 1419 πο
1435 1399 1490 1419 nen·

1385 1425 1492 1450 aalma,
1516 1427 1596 1454 qunti-

1385 1453 1414 1478 tt,
1428 1452 1534 1480 disciplina

1383 1581 1409 1602 ed
1423 1582 1508 1604 unzin.

1409 1687 1440 1709 Or
1445 1694 1517 1716 quau
1524 1694 1593 1716 genta,

1382 1715 1419 1736 ebe
1427 1715 1453 1736 h·
1462 1716 1550 1736 commi
1560 1716 1594 1736 do-

1381 1742 1417 1789 Ξιί
1430 1742 1451 1762 di
1464 1742 1532 1763 Rom
1541 1742 1593 1763 ond-

1405 1784 1411 1794 1

1381 1866 1392 1885 ὲ
1410 1865 1435 1885 dn
1456 1865 1538 1886 inmuni
1559 1865 1592 1886 dni

1380 1891 1486 1916 eristi-ni,
1507 1891 1597 1912 anmoi-

1380 1917 1412 1938 liu
1435 1918 1460 1938 ed
1480 1918 1591 1939 effeminati

1381 1951 1440 1965 eone
1452 1951 1516 1970 seno,
