1682 2762
86 868 126 893 10

85 1151 122 1186 ¹5

79 1736 119 1770 25

79 2023 122 2058 30

433 208 481 235 DI
510 207 771 236 COLUCCIO
803 206 1078 234 SALUTATI.
1289 199 1350 241 187

156 333 246 374 tervi,
270 332 358 377 quod
381 332 478 366 etiam
501 344 564 377 que
587 332 733 366 volentes
755 341 906 377 prestant,
929 332 1029 366 videri
1058 332 1158 366 velint
1190 344 1208 366 a
1237 332 1350 366 nolen-

155 390 238 425 tibus
254 390 441 424 extorsisse:
457 391 483 423 si
498 401 605 434 parva,
621 391 688 423 imo
704 391 730 423 si
746 402 813 424 non
826 391 967 424 maxima
981 391 1045 424 sint
1066 402 1129 435 que
1148 390 1350 432 exhibentur,

155 448 276 482 nedum
298 449 414 492 gratias
437 459 504 481 non
526 447 677 487 referunt,
697 447 754 481 sed
777 459 838 481 nec
860 457 961 491 agunt
968 460 978 489 ;
996 448 1076 487 imo,
1099 447 1187 492 quod
1211 448 1349 481 deterius

155 515 214 547 est,
236 506 325 550 quasi
346 505 425 539 viles
448 517 488 539 ex
511 516 683 539 munerum
706 506 860 550 parvitate
883 505 983 538 habiti
1005 506 1080 545 sint,
1097 505 1197 539 veluti
1216 517 1349 550 gravem

155 564 334 608 acceperint
349 563 509 603 iniuriam,
521 562 744 607 perturbantur
750 575 760 603 ;
772 563 799 596 si
816 563 956 596 maxima
971 574 1049 596 vero
1066 562 1193 604 fuerint,
1205 564 1349 607 ingentia

154 631 186 655 et
210 620 346 655 modum
369 621 566 661 excedentia,
590 620 691 654 inflati
710 629 742 654 et
760 620 874 654 tumidi
893 632 927 654 se
946 620 1146 665 dignificant,
1165 632 1225 655 nec
1240 630 1348 655 tamen

154 679 242 713 iuxm
264 679 387 717 merita,
411 678 493 712 adeo
515 679 566 712 sui
589 679 797 712 immemores
820 687 905 719 sunt,
929 690 964 712 se
988 687 1136 722 reputant
1162 679 1347 712 honoratos

153 737 187 770 hi
209 747 284 771 sunt
311 736 543 781 eunrquibug
566 737 593 770 si
625 736 797 781 aliquando
828 735 1015 777 contendas,
1046 748 1212 781 nunquam
1245 737 1348 781 iurgia

152 794 256 839 possis
278 794 482 838 abrumpere;
505 795 532 828 si
556 794 660 827 milies
683 794 828 828 amicicie
851 803 956 827 tentes
979 793 1105 835 officiis,
1124 805 1292 838 nunquam
1315 795 1348 827 in

152 852 199 886 tui
221 862 367 886 amorem
389 851 496 885 valeas
519 852 683 892 inclinare,
697 860 730 886 et
748 863 822 886 cum
842 851 1008 886 neminem
1028 851 1173 895 diligant,
1197 851 1348 896 quicquid

152 909 357 944 amicabiliter
378 910 525 954 gesseris,
547 921 615 944 non
638 909 745 943 solum
779 909 812 943 id
842 908 953 943 fictum
976 919 1135 954 reputent,
1159 909 1216 943 sed
1240 909 1279 944 ad
1302 911 1348 944 in-

151 967 247 1002 sidias
270 967 463 1002 ordinatum.
509 968 580 1012 quis
603 968 692 1001 enim
715 968 815 1001 amari
837 979 871 1001 se
895 977 995 1012 putet,
1015 968 1070 1012 qui
1089 979 1123 1001 se
1142 968 1256 1001 sentiat
1280 980 1347 1002 non

151 1025 282 1060 amare?
325 1035 358 1059 et
381 1026 503 1060 utinam
527 1026 671 1059 contenti
690 1037 757 1059 non
773 1025 905 1069 diligere
920 1036 987 1059 non
1011 1027 1215 1069 conceperint
1234 1025 1347 1059 odium

151 1084 185 1117 in
203 1083 276 1118 illos
298 1083 423 1125 saltem,
445 1083 560 1128 quibus
584 1082 768 1117 vicissitudo
791 1082 983 1124 dilectionis,
1002 1084 1029 1116 si
1052 1095 1114 1127 qua
1133 1083 1216 1117 foret
1234 1084 1267 1116 in
1286 1083 1346 1116 illis

150 1140 344 1182 humanitas,
367 1140 556 1175 deberetur!

217 1199 283 1233 Sed
309 1199 342 1233 hi
372 1208 458 1240 sunt,
482 1198 522 1232 de
553 1198 681 1243 quibus,
718 1208 753 1233 ut
787 1198 910 1240 scribis,
934 1199 1080 1233 Petrarca
1111 1208 1220 1233 noster
1242 1199 1346 1244 inquit

150 1255 285 1301 quod,si
301 1255 383 1290 credi
399 1266 516 1301 potest,
525 1267 635 1290 amore
648 1255 686 1290 ad
699 1255 813 1290 odium
824 1256 1040 1290 irritanturm.
1078 1256 1139 1290 sibi
1155 1265 1265 1290 tamen
1282 1256 1345 1290 hoc

149 1315 320 1359 imputent,
350 1315 404 1359 qui
433 1314 638 1348 dilectionem
667 1324 735 1348 non
762 1315 844 1348 intra
873 1314 1051 1348 honestatis
1081 1315 1263 1359 penetralia,
1288 1314 1344 1348 sed

149 1372 231 1406 inter
252 1372 389 1407 tremula
410 1372 595 1406 mortalium
619 1371 760 1406 culmina
781 1381 936 1416 querunt:
961 1373 1015 1416 qui
1050 1371 1172 1406 bonum
1201 1373 1344 1406 amicicie

148 1439 272 1475 petunt,
295 1430 382 1464 unde
403 1441 471 1464 non
495 1441 587 1475 opus,
611 1441 678 1464 non
698 1430 855 1470 habitum,
875 1430 931 1464 sed
951 1441 1010 1464 nec
1029 1431 1207 1474 simplicem
1227 1431 1344 1464 amoris

148 1488 327 1532 potentiam
350 1488 476 1522 valeant
498 1489 645 1532 reperire.
686 1499 763 1522 nam
782 1500 858 1522 cum
876 1497 944 1522 tota
962 1489 1003 1522 sit
1020 1488 1189 1522 insolentis
1207 1489 1344 1522 intentio

148 1545 235 1590 quod
253 1546 321 1580 aliis
343 1545 516 1590 preferatur
537 1556 569 1580 et
593 1546 736 1580 amicicia
758 1546 899 1591 quedam
918 1546 1072 1591 equalitas
1098 1547 1139 1580 sit
1160 1558 1227 1580 non
1246 1547 1281 1580 in
1300 1546 1345 1581 di·

147 1604 293 1638 lectionis
317 1603 442 1645 affectu,
465 1603 523 1638 sed
551 1605 583 1638 in
621 1605 814 1649 operationis
843 1604 976 1646 effectu;
1001 1605 1164 1650 equalitas,
1199 1605 1344 1649 inquam,

148 1674 215 1696 non
237 1663 411 1707 parvitatis,
433 1663 490 1697 sed
508 1663 742 1708 proportionis3
767 1673 822 1697 aut
845 1662 1024 1696 destruatur
1046 1672 1173 1707 oportet
1190 1663 1257 1707 ipsa
1275 1674 1343 1696 ma·

148 1720 274 1765 lignitas
298 1730 352 1755 aut
378 1720 494 1755 frustra
508 1721 606 1755 talem
621 1722 655 1755 in
674 1732 789 1765 agrum
804 1732 917 1755 semen
934 1721 1078 1755 amicicie
1097 1721 1237 1754 iaciatur.
1283 1732 1343 1754 nec

149 1790 220 1812 sum
245 1779 370 1812 nescius
393 1778 585 1813 secularibus
609 1778 766 1813 insertum
788 1779 898 1813 litteris
915 1778 1075 1823 quosdam
1098 1778 1342 1823 superbissimos

149 1836 298 1870 homines
323 1846 354 1870 et
376 1837 584 1870 immanitatis
607 1845 762 1880 tyrannos
794 1837 881 1870 viros
889 1849 898 1878 ;
922 1837 948 1869 si
971 1846 1081 1870 tamen
1104 1836 1148 1870 illi
1173 1836 1341 1870 inhumani

148 1893 343 1928 homines
381 1903 456 1928 sunt
479 1894 604 1928 dicendi
629 1903 661 1928 et
687 1894 720 1928 hi
747 1894 947 1928 vitiosissimi
970 1903 1002 1928 et
1024 1895 1179 1928 virtutum
1205 1905 1284 1938 quas
1309 1895 1341 1927 in

148 1950 292 1986 subditos
305 1951 530 1996 perpenderint
544 1953 702 1986 sevissimi
725 1961 953 1996 persecutores,
979 1952 1062 1985 viri
1096 1960 1231 1996 possunt
1253 1952 1341 1985 iuxta

148 2010 371 2055 proprietatem
394 2010 573 2044 vocaminis
597 2010 743 2055 appellari
755 2011 804 2052 (²);
827 2012 995 2051 insertum,
1017 2011 1160 2054 inquam,
1179 2009 1339 2054 quosdam

778 2141 813 2164 ¹5-
828 2134 885 2157 Cod.
899 2133 1043 2157 humanitati·
1110 2140 1146 2163 ²7-
1161 2134 1225 2162 Dopo
1239 2133 1341 2156 homine·

202 2141 224 2164 5.
239 2134 295 2158 eod.
310 2134 418 2163 ingentia,
476 2141 512 2164 ¹3.
526 2134 582 2158 oxi.
595 2134 708 2163 conciper.

147 2174 199 2198 cod.
212 2173 244 2197 dd
258 2174 281 2197 it
297 2175 331 2203 (7)
344 2174 484 2197 cancellato.

187 2282 231 2317 (ι)
247 2283 313 2311 Non
328 2284 365 2312 ho
381 2289 477 2320 poturo
492 2284 607 2312 riti-ovar
626 2290 721 2320 questo
768 2294 783 2308 α
797 2289 826 2310 ut
848 2283 937 2310 Varro
959 2282 1038 2310 docet
1054 2291 1083 2309 n:
1104 2282 1230 2317 Excerpta
1247 2290 1278 2309 cx
1297 2282 1340 2309 lib.

148 2336 240 2364 passo.
769 2326 879 2354 Glossar.
899 2325 927 2352 in
946 2324 1024 2360 Corp.
1039 2325 1108 2360 gloss.
1129 2325 1170 2351 lat.
1190 2323 1224 2357 V,
1246 2331 1307 2358 253,
1325 2332 1340 2350 e

185 2370 228 2406 (2)
247 2379 261 2395 α
274 2368 324 2397 Vir
342 2378 358 2397 a
372 2369 469 2396 virtute
490 2377 590 2396 nomen
608 2368 721 2404 accepit,
767 2368 801 2396 cf.
821 2369 931 2401 ans,
945 2375 988 2404 op.
1005 2367 1048 2394 cit.
1068 2375 1088 2394 s.
1109 2376 1134 2394 v.
1154 2366 1224 2393 vir.

324 2425 334 2439 0

1376 740 1588 794 {ffiffiissssgffiz

1376 794 1432 821 gumi
1445 794 1539 815 d'nffetto
1548 801 1554 819 ς

1374 1025 1448 1052 perche
1487 1025 1586 1052 vogliono

1374 1053 1472 1079 prendere
1482 1053 1503 1072 in
1516 1059 1585 1073 uver-

1374 1080 1433 1099 ιίοιιε
1460 1078 1522 1106 quelli
1547 1079 1585 1099 che

1374 1105 1406 1126 lor
1433 1106 1451 1126 ni
1478 1110 1585 1126 monnau

1373 1132 1476 1153 benevoli.

1399 1260 1433 1281 Mn
1446 1267 1486 1281 con
1499 1266 1583 1282 contero

1373 1293 1415 1307 non
1430 1287 1525 1308 eucheri
1533 1289 1584 1308 ami-

1372 1314 1423 1334 cizi-
1443 1314 1475 1334 ehi
1494 1321 1536 1335 non
1557 1314 1584 1335 ha

1373 1340 1441 1361 brume
1454 1340 1573 1362 ambi-ione.

1397 1785 1454 1806 V‘hn
1473 1793 1522 1813 pure
1542 1793 1582 1806 un-

1369 1812 1434 1833 cluse
1454 1813 1474 1832 di
1494 1814 1581 1837 uomini,

1370 1839 1414 1863 che,
1420 1839 1486 1860 ribelll
1493 1839 1533 1860 nne
1538 1839 1580 1866 leg-

1370 1867 1390 1893 gi
1409 1866 1428 1886 di
1448 1871 1528 1890 namra,
1544 1873 1580 1887 vo-

1369 1893 1442 1966 ffil‘l’j?
1449 1899 1582 1966 153¹&

1368 1952 1393 1966 co
1435 1952 1535 1971 menn.
