1696 2782
87 960 128 985 10

88 1246 127 1280 ¹5

86 1553 129 1578 20

88 1833 128 1867 25

89 2119 131 2153 30

431 299 769 328 D1c0LUCCIo
801 299 1069 328 SALUTATI.
1304 300 1346 333 99

153 425 288 460 debeam
307 426 465 471 explicare
481 427 609 461 cuinam
627 427 667 460 sit
687 426 809 460 facilior
823 427 857 460 in
875 426 1032 470 religione
1049 437 1158 459 cursus
1181 425 1347 469 magisque

153 484 382 519 tentationibus
405 485 573 530 expeditus
580 498 590 526 ;
614 497 654 519 an
678 485 735 527 illi,
757 486 812 530 qui
840 494 922 519 etate
946 484 1098 529 grandior
1126 484 1209 518 inter
1234 482 1348 517 mundi

154 542 345 577 blandientis
368 553 512 577 versatus
534 543 708 584 illecebras,
731 543 920 588 religionem
944 543 1119 583 intraverit,
1145 553 1186 576 an
1213 541 1269 583 illi,
1293 541 1348 586 qui

154 600 302 635 nondum
326 601 424 636 seculi
447 601 676 636 delectationes
698 611 858 646 expertus,
882 602 945 635 Dei
969 601 1071 646 digito
1091 600 1283 645 religionem
1301 599 1349 633 in-

154 670 293 703 gressus,
317 659 357 694 ad
380 660 449 693 eius
471 660 600 694 servitia
628 661 670 694 sit
692 659 858 694 deductus.
905 660 1008 693 maior
1042 658 1191 704 equidem
1223 658 1348 702 questio

153 727 252 762 quam
264 727 319 751 tua
331 718 441 759 caritas
455 718 614 762 opinetur.
660 726 787 762 oportet
798 718 919 751 etenim
931 718 964 751 in
981 717 1041 750 hac
1055 717 1224 761 questione
1235 715 1349 749 librare

154 774 232 819 quid
254 774 326 820 plus
349 785 481 809 moveat
509 785 635 810 mentes
669 775 837 816 humanas,
866 786 907 809 an
938 774 1115 809 recordatio
1146 774 1349 818 voluptatum

155 842 350 874 exactamm,
373 845 413 867 an
438 833 614 874 curiositas,
638 845 701 878 qua
723 833 888 874 trahimur,
910 842 946 867 ut
965 844 1079 866 eorum
1101 843 1164 876 que
1187 832 1350 865 nescimus

155 892 384 936 experientiam
408 903 444 926 ac
468 893 622 926 noticiam
646 891 831 926 habeamus.
878 901 910 925 et
928 892 998 936 quis
1022 891 1081 925 erit
1098 902 1154 935 per
1173 890 1350 924 humanam

153 949 400 994 intelligentiam
431 949 528 984 iudex
551 961 663 995 equus,
692 949 748 995 qui
778 950 856 984 sciat
878 949 1019 983 debitam
1042 947 1123 982 ferre
1157 948 1351 982 sententiam

154 1019 250 1053 super
270 1008 331 1042 ista
350 1009 494 1050 materia,
508 1019 583 1042 cum
602 1017 691 1042 tanta
713 1008 754 1043 sit
772 1008 907 1042 varietas
926 1007 1100 1042 affectuum
1119 1006 1350 1047 humanorum,

154 1065 244 1111 quod
275 1066 371 1111 aliqui
406 1066 476 1108 hiis,
507 1066 604 1112 aliqui
634 1066 799 1101 contrariis
834 1065 1052 1100 delectentur?
1107 1066 1168 1100 hos
1198 1064 1350 1110 equidem

155 1123 253 1158 trahit
276 1125 411 1158 avaricie
441 1125 594 1166 studium,
618 1125 690 1159 illos
720 1124 950 1170 prodigalitatis
973 1123 1129 1165 effluxus3
1157 1123 1218 1157 hos
1248 1123 1350 1168 glorie

155 1181 322 1226 cupiditas,
346 1182 418 1216 illos
442 1182 493 1217 vel
512 1183 706 1217 conscientie
722 1182 849 1217 latibula
868 1182 920 1216 vel
938 1182 1119 1217 solitudinis
1137 1181 1351 1226 infrequentia

154 1239 251 1274 trahit
273 1250 305 1275 et
324 1241 462 1283 mulcet;
483 1241 544 1275 hos
563 1252 727 1276 armorum
746 1241 899 1282 studium,
918 1240 991 1275 illos
1009 1240 1144 1275 delectat
1163 1241 1350 1274 exercitium

154 1297 298 1333 litterale.
344 1308 377 1333 et
405 1299 432 1332 si
463 1308 579 1334 cuncta
609 1298 771 1340 discutias,
805 1299 906 1333 ferme
936 1299 1042 1333 nullos
1078 1299 1234 1339 invenies,
1268 1309 1350 1344 quos

155 1366 385 1401 usquequaque
406 1356 522 1390 similia
544 1357 666 1399 iuvent,
689 1358 808 1403 quique
830 1358 865 1392 in
887 1357 1035 1391 rationali
1057 1356 1110 1391 vel
1132 1356 1299 1397 sensitivo,
1324 1356 1350 1390 si

156 1423 272 1448 cuncta
301 1413 462 1456 discutias,
489 1416 631 1460 appetitu
662 1415 727 1450 sint
755 1415 902 1450 eiusdem
927 1427 984 1461 per
1017 1416 1128 1450 omnia
1164 1414 1349 1449 voluntatis.

154 1472 317 1517 nimisque
339 1484 452 1507 verum
475 1482 525 1507 est
546 1474 712 1518 poeticum
735 1473 834 1508 illud:

369 1539 465 1568 Torva
482 1539 560 1568 leena
578 1540 673 1577 lupum
691 1541 820 1577 sequitur,
838 1540 916 1577 lupus
937 1541 995 1576 ipse
1014 1540 1158 1577 capellam,

370 1587 526 1616 Florentem
544 1589 661 1625 cytisum
679 1589 801 1625 sequitur
816 1588 917 1617 lasciva
935 1588 1048 1625 capella,

369 1637 412 1665 ‘re
430 1637 572 1674 Corydon.
590 1647 609 1666 o
627 1637 726 1666 Alexi:
745 1638 827 1666 trahit
845 1646 895 1666 sua
913 1646 1039 1675 quenque
1058 1637 1184 1674 voluptas
1193 1637 1237 1666 (¹).

158 1709 193 1735 nt
210 1701 266 1734 vix
279 1701 380 1745 possit
395 1700 588 1746 generaliter
598 1701 657 1735 hec
675 1701 800 1746 questio
817 1700 933 1742 dirimi,
956 1712 1030 1735 cum
1045 1710 1184 1746 nequeat
1199 1701 1350 1735 omnium

157 1767 190 1792 et
211 1758 424 1803 singularium
445 1757 584 1799 affectio,
606 1769 763 1804 quantum
782 1759 843 1793 hec
861 1771 911 1794 res
929 1759 1040 1804 exigit,
1058 1758 1236 1804 ponderari.
1282 1760 1349 1793 scio

157 1816 326 1862 plerosque
355 1828 394 1851 ea
415 1828 478 1862 que
510 1816 633 1859 dixero,
655 1828 724 1852 non
757 1816 936 1852 secundum
959 1817 1129 1858 rationem,
1163 1816 1220 1851 sed
1243 1817 1350 1862 potius

157 1873 335 1909 secundum
358 1886 416 1910 sue
439 1874 620 1920 cupiditatis
644 1875 788 1910 habitum
811 1875 1026 1917 iudicaturos;
1048 1874 1105 1910 sed
1128 1875 1227 1909 velim
1260 1874 1348 1919 quod

157 1933 340 1978 quicunque
363 1932 423 1967 hec
445 1941 554 1967 nostra
586 1933 709 1978 legerit,
732 1945 751 1967 a
773 1946 808 1968 se
830 1945 1000 1978 parumper
1029 1944 1150 1978 suaque
1180 1932 1349 1967 affectione

158 1990 301 2026 discedat
322 2000 354 2025 et
376 2000 472 2026 exuat
489 1991 593 2026 taliter
614 1991 811 2037 singularem
830 2002 1012 2036 personam,
1030 1991 1119 2036 quod
1139 2003 1349 2026 communem

155 2048 278 2084 induat.
329 2049 411 2084 forte
433 2049 577 2095 quidem,
598 2049 626 2084 si
647 2061 705 2084 sua
728 2049 920 2095 deposuerit,
949 2049 1008 2084 sibi
1033 2050 1136 2094 magis
1159 2049 1218 2084 hec
1242 2058 1351 2084 nostra

157 2106 328 2154 placebunt
339 2117 370 2142 et
378 2107 435 2142 fiet
449 2107 489 2142 de
504 2109 627 2153 privato
638 2107 743 2142 iudice
755 2107 910 2152 publicus,
920 2107 1152 2152 nobiscumque
1165 2108 1197 2141 in
1213 2106 1350 2142 eandem

157 2165 349 2199 sententiam
361 2164 495 2210 pedibus
514 2176 546 2201 et
561 2165 719 2207 manibus,
739 2174 775 2200 ut
797 2164 859 2199 dici
878 2165 968 2205 solet,
989 2164 1162 2199 descendet
1180 2174 1212 2199 et
1232 2174 1348 2200 curret.

210 2248 236 2269 4.
250 2240 268 2263 Α
282 2245 386 2270 operm
470 2241 492 2264 ⁶.
505 2242 524 2264 A
537 2241 614 2271 opiner
703 2248 725 2270 7.
740 2242 757 2264 A
771 2245 868 2263 mentem
881 2241 1002 2263 humanam
1085 2247 1117 2263 ia.
1139 2239 1192 2263 ,hl—c
1209 2240 1352 2264 nlius-auus

161 2285 196 2308 17.
210 2279 308 2310 quique]
322 2281 374 2303 MC
387 2287 523 2310 quamquam
593 2281 629 2305 ¹8.
642 2281 661 2303 Α
674 2285 756 2310 appetu
771 2281 825 2309 (dc)
869 2280 921 2304 MC
935 2279 1056 2309 volum-ti·
1128 2287 1166 2308 ²⁴·
1181 2280 1199 2302 A
1210 2279 1262 2303 M-C'
1275 2280 1352 2309 ningu-

158 2319 232 2342 Ιοηιω
298 2326 336 2349 ²7·
351 2321 404 2344 MC
416 2327 486 2344 ιιι-νε
555 2328 592 2350 3ο.
607 2321 660 2344 Δις
671 2321 818 2344 ηοὴίιεωιπε

160 2397 245 2417 mano
257 2389 276 2417 il
291 2390 351 2418 cod.
366 2390 450 2424 mcc„
464 2391 491 2418 di
505 2391 567 2418 tutti
581 2390 601 2418 il
615 2391 662 2427 piu
677 2399 733 2427 pre·
777 2390 856 2417 tione
874 2398 911 2417 un
933 2389 995 2417 solo
1016 2388 1158 2426 apograso,
1179 2390 1239 2417 cioe
1258 2388 1277 2416 il
1299 2398 1350 2417 ms.

161 2431 265 2467 gevole,
276 2433 324 2460 noi
336 2433 425 2461 siamo
434 2434 497 2461 stati
512 2433 634 2460 contenti
647 2441 663 2460 a
672 2441 734 2461 con·
779 2433 972 2461 Ambrosiam.

162 2471 281 2502 stentare
298 2474 326 2502 in
344 2475 462 2511 servigio
481 2475 552 2503 della
570 2481 660 2503 nostra
678 2475 734 2503 edi-
814 2475 858 2511 (ι)
877 2475 967 2503 Vno.
984 2475 1045 2503 Bac.
1061 2475 1095 2508 11,
1112 2474 1209 2511 63-65.

1373 429 1471 450 bruno
1487 437 1546 458 uper
1562 433 1587 453 da

1374 456 1404 476 lui
1412 463 1434 477 ιε
1439 457 1480 478 alla
1487 458 1586 485 per-{ezio-

1375 485 1456 510 agina
1489 486 1524 512 pin
1530 485 1588 506 fnan-

1375 516 1461 531 mente:
1487 513 1547 533 eun-o
1552 513 1587 533 uel

1375 537 1586 565 ebiomouomfmo.

1375 563 1482 591 fuggendo
1498 565 1513 586 il
1528 573 1587 587 mon.

1375 591 1411 615 do,
1421 597 1436 611 ο
1450 592 1483 612 ehi
1496 599 1539 613 non
1553 600 1588 614 co-

1375 617 1443 638 nabbe
1451 619 1500 643 nai,
1508 621 1587 641 nutrito

1375 645 1397 664 ὶιι
1409 644 1468 670 cella.
1482 646 1488 666 i
1502 647 1588 674 periculi

1375 671 1407 692 ael
1421 672 1501 694 secolo.

1402 698 1490 720 Difficile
1499 701 1588 727 questio-

1376 731 1409 749 ne,
1424 732 1461 752 per
1474 726 1554 747 decidet
1567 727 1587 748 Ιι

1376 752 1435 779 qude
1451 754 1590 775 cauves-*ebbe

1376 784 1436 806 poter
1463 786 1543 801 terunt
1569 781 1589 802 Ιι

1376 811 1444 826 nente
1458 807 1499 827 edi
1509 809 1589 834 pensie-

1375 833 1394 853 τί
1401 833 1510 854 dicia-cna
1515 841 1588 860 αοιιιος

1377 1715 1465 1742 lupun
1471 1721 1543 1743 quent·
1552 1717 1589 1737 im-

1376 1742 1480 1770 poniffle.

1403 1835 1437 1856 Ιι
1443 1842 1465 1856 ιε
1470 1836 1544 1858 coloro
1551 1837 1588 1858 ebe

1376 1869 1510 1911 mma
1524 1870 1587 1912 xx·

1375 1952 1593 2000 www.

1425 2048 1432 2059 t

1377 2132 1518 2147 conve-runo
1532 2125 1588 2147 fone

1378 2159 1418 2174 con
1432 2153 1461 2174 lui
1476 2154 1496 2173 in
1511 2158 1589 2180 quanto

1378 2185 1410 2201 ιιι
1423 2186 1459 2208 per
1476 2179 1590 2202 uffan-n.
