1708 2774
117 811 136 845 5

97 1097 137 1122 10

95 1389 131 1423 ¹5

445 278 494 305 DI
525 277 791 306 COLUCCIO
823 276 1095 305 SALUTATI.
1324 278 1365 311 41

729 474 806 509 1111.

610 552 662 586 AL
685 561 857 585 mannsmo
870 551 916 585 (¹).

654 631 715 667 [N¹,
734 640 758 659 c.
779 639 831 659 120
839 631 879 666 ι]

554 707 731 752 Peregrino
750 706 975 742 Zanbeccario.

248 807 455 838 neuvmxau,
473 796 588 831 videns
611 796 780 842 epistolam
799 805 901 838 tuam,
923 807 1022 840 quam
1040 796 1138 831 michi
1156 808 1215 840 pro
1233 808 1367 842 respon-

166 803 246 889 D
263 855 354 889 sione
373 855 500 896 misisti,
523 855 572 889 vir
594 855 742 899 insignis,
761 853 857 889 frater
876 854 999 899 optime
1016 864 1047 888 et
1067 855 1170 889 amice
1189 855 1367 898 karissime,

163 922 259 957 super
277 913 409 946 materia
425 913 471 946 tui
491 913 611 947 amoris
631 912 800 946 observare
819 911 993 946 silentium.
1041 913 1146 957 primo
1166 913 1299 958 quidem
1318 914 1365 947 vi-

163 967 281 1002 debam
302 977 335 1003 te
357 969 461 1003 taliter
483 969 684 1011 obcecatum,
707 968 797 1014 quod
819 968 926 1003 adhuc
948 978 983 1003 tu
1008 969 1059 1003 vel
1083 969 1252 1004 minimam
1269 971 1365 1004 ratio·

162 1037 256 1068 num,
276 1038 356 1072 quas
379 1027 480 1062 tribus
501 1027 655 1072 epistolis,
678 1027 712 1062 ni
736 1026 837 1068 fallor,
861 1037 895 1062 et
918 1038 1008 1062 veras
1032 1037 1064 1062 et
1097 1028 1365 1073 inexpugnabiles

162 1085 364 1126 astruxerim,
378 1097 438 1120 nec
450 1086 548 1120 etiam
564 1085 676 1120 leviter
691 1086 861 1131 attigisses.
900 1085 1006 1131 pudor
1028 1096 1086 1126 est,
1107 1086 1175 1120 imo
1193 1085 1364 1120 ridendum

162 1153 259 1189 atque
281 1143 413 1189 puerile,
436 1156 478 1179 ne
496 1143 604 1179 dicam
627 1144 808 1190 ignorantie
826 1144 962 1190 supinus
980 1156 1078 1186 error,
1100 1145 1252 1190 quotiens
1270 1145 1304 1179 in
1319 1145 1365 1179 rei

162 1202 342 1247 cuiuspiam
366 1203 610 1237 contentionem
635 1203 771 1244 veneris,
796 1214 872 1237 cum
891 1204 925 1237 in
943 1203 1111 1248 proposito
1130 1203 1273 1237 maxima
1290 1215 1363 1238 cum

162 1259 380 1295 obstinatione
402 1261 561 1306 persistas,
584 1272 648 1306 que
672 1260 781 1295 videas
804 1260 926 1295 nedum
958 1261 1151 1306 impugnari,
1175 1260 1233 1296 sed
1257 1261 1363 1306 impu—

162 1328 261 1364 gnata
275 1327 435 1364 repetere;
454 1330 516 1354 nec
534 1319 661 1354 obiecta
679 1319 813 1360 diluere,
827 1331 888 1354 nec
906 1318 1020 1354 saltem
1040 1319 1173 1354 alicuius
1192 1319 1298 1354 valide
1316 1331 1365 1354 ra·

162 1377 260 1411 tionis
283 1376 480 1412 adminiculo
504 1387 536 1412 te
558 1379 650 1412 tueri.
696 1389 826 1412 summa
855 1387 965 1413 nostre
988 1378 1207 1412 contentionis
1236 1387 1298 1413 est:
1323 1390 1363 1413 an

159 1435 342 1470 virtuosum
363 1437 405 1470 sit
428 1435 560 1481 diligere
591 1436 761 1471 mulierem
785 1436 825 1471 ad
857 1436 1107 1472 delectationem
1130 1447 1167 1470 ac
1191 1437 1292 1471 animi
1315 1449 1364 1471 re-

159 1494 356 1528 creationem
374 1495 444 1529 sine
467 1493 532 1529 fine
553 1495 604 1529 vel
619 1494 777 1530 desiderio
805 1494 1054 1530 concumbendi.
1100 1504 1136 1530 tu
1160 1495 1364 1540 pertinaciter

158 1562 322 1586 asseveras
343 1551 467 1587 nedum
492 1554 683 1593 virtuosum,
706 1553 764 1588 sed
787 1553 1057 1588 virtuosissimum
1082 1564 1171 1594 esse;
1194 1564 1259 1598 ego
1283 1565 1362 1588 vero

158 1621 200 1645 ex
222 1611 370 1656 opposita
393 1611 492 1646 veluti
510 1612 644 1657 regione
659 1611 824 1647 contendo
845 1611 967 1646 nedum
986 1612 1048 1646 hoc
1064 1623 1132 1646 non
1151 1622 1222 1647 esse
1241 1613 1361 1646 virtuo-

156 1680 242 1711 sum,
263 1668 321 1704 sed
344 1669 424 1704 vitio
448 1669 592 1714 plenum.
639 1680 672 1705 et
694 1669 783 1715 quod
802 1670 996 1711 virtuosum,
1021 1679 1057 1705 ut
1075 1671 1199 1711 asseris,
1224 1671 1362 1705 omnino

157 1738 225 1762 non
247 1727 287 1761 sit
309 1727 420 1762 multis
446 1727 622 1762 rationibus
654 1727 825 1773 probatum
848 1738 906 1769 est,
931 1739 999 1763 non
1031 1728 1140 1763 solum
1171 1727 1362 1763 orthodoxis

156 1793 252 1829 atque
273 1785 449 1827 catholicis,
472 1796 552 1831 quas
575 1795 609 1820 tu
632 1787 701 1820 sive
719 1786 836 1821 mentis
863 1786 944 1821 vitio
971 1786 1040 1821 sive
1069 1797 1165 1821 cause
1184 1795 1273 1821 metu
1293 1797 1360 1820 non

88 1872 100 1879 .
155 1843 279 1888 recipis,
302 1842 359 1878 sed
382 1842 534 1879 abhorres
552 1844 652 1878 veluti
670 1856 742 1879 rem
764 1844 1028 1887 abominabilem,
1044 1845 1223 1890 captiosam
1246 1854 1279 1879 et
1302 1844 1359 1879 fal-

85 1970 127 2004 25

154 1912 242 1943 sam3
265 1900 322 1936 sed
344 1913 424 1947 pure
448 1901 624 1937 moralibus
647 1912 743 1948 atque
766 1903 862 1944 veris,
883 1903 1022 1948 quanvis
1046 1903 1154 1938 omnis
1178 1904 1296 1938 verius
1320 1903 1360 1937 ab

155 1960 248 1994 unica
271 1960 415 2001 veritate,
438 1971 501 2006 que
525 1970 573 1995 ωε
602 1961 704 2003 Deus,
727 1961 797 1996 sine
827 1961 927 1996 dubio
950 1962 992 1996 sit
1015 1971 1047 1996 et
1074 1961 1168 2003 fluat;
1194 1962 1360 2007 possitque

154 2016 327 2062 theologus
350 2018 435 2062 ipsas
458 2019 526 2053 iure
549 2019 681 2064 proprio
700 2019 875 2061 vindicare,
894 2020 986 2054 cuius
1004 2029 1053 2054 est
1072 2019 1113 2054 de
1132 2030 1262 2054 summa
1278 2019 1359 2054 veri·

155 2084 219 2110 tate
242 2075 408 2118 disserere,
429 2087 493 2121 que
521 2077 611 2111 Deus
633 2087 692 2119 est,
715 2087 748 2112 et
779 2086 815 2112 ut
843 2078 878 2112 in
900 2078 970 2112 eius
994 2077 1147 2112 noticiam
1170 2078 1281 2111 veniat
1304 2089 1360 2122 per

777 2202 931 2230 filoaofiche
943 2202 1012 2230 sulla
1025 2208 1120 2230 natura
1133 2210 1148 2229 e
1158 2201 1197 2237 gli
1206 2201 1291 2229 effetti
1302 2201 1359 2229 d'a-

188 2198 233 2235 (ι)
251 2199 314 2228 Con
323 2201 525 2237 queat'epistola
537 2203 560 2229 si
572 2202 676 2235 chiuae,
685 2211 733 2239 pu

777 2253 862 2278 more,
873 2245 959 2274 chela
970 2246 1062 2282 poesia
1075 2244 1247 2272 trovadorica
1256 2245 1282 2271 di
1294 2241 1358 2272 Pro-

152 2242 334 2270 riaccenderai
350 2244 426 2278 pero,
438 2250 520 2270 come
538 2243 679 2277 vedremo,
693 2244 732 2272 al-

153 2284 216 2312 cuni
223 2285 286 2312 anni
296 2285 342 2321 pin
354 2285 433 2318 tardi,
442 2285 468 2313 12
478 2285 612 2322 polemica
623 2293 662 2314 tra
672 2287 691 2314 il
701 2286 730 2315 S.

152 2336 168 2354 e
186 2326 215 2355 lo
230 2327 409 2356 Zambeccari.
446 2328 583 2357 Notevole
599 2331 687 2365 parra,
702 2330 730 2357 io

152 2378 245 2405 penso,
257 2370 282 2397 ai
295 2370 386 2398 lettori
398 2371 542 2408 i'aaprezza
554 2380 605 2400 oon
620 2373 664 2400 cui
677 2372 731 2401 Co·

151 2411 241 2440 luccio
253 2413 275 2440 si
288 2412 378 2441 sforza
390 2414 436 2450 qui
449 2414 475 2442 di
490 2421 621 2443 mostrare
635 2415 703 2443 falso
715 2424 731 2443 e

152 2455 285 2483 mendace
297 2461 368 2483 tutto
378 2455 397 2483 il
406 2457 570 2493 patrimonio
579 2458 607 2485 di
615 2457 731 2486 dottrine

258 2525 366 2548 abacia
379 2526 493 2554 Salnaeau,
509 2527 541 2549 ΙΙΙ

775 2297 860 2316 venta
869 2297 884 2316 e
894 2289 920 2316 di
929 2288 1043 2315 Francia
1052 2296 1137 2315 aveva
1146 2293 1296 2315 mmeaso
1303 2286 1356 2315 aua

776 2338 866 2359 neura
878 2340 894 2359 e
903 2331 963 2364 che,
970 2330 1114 2358 arricchito
1123 2339 1138 2358 e
1148 2329 1322 2358 transformato
1328 2330 1356 2358 in

776 2380 850 2410 parte
861 2372 906 2401 dal
915 2374 998 2410 genio
1004 2372 1048 2401 del
1053 2372 1190 2406 Petrarca,
1196 2372 1303 2400 doveva
1309 2380 1357 2408 per

775 2423 852 2443 tanto
864 2422 958 2452 tempo
971 2424 1069 2444 ancora
1082 2416 1214 2443 rimanere
1229 2415 1294 2443 base
1306 2415 1356 2443 aal-

775 2458 888 2486 dissirna
903 2457 972 2485 della
987 2457 1063 2485 lirica
1078 2458 1179 2485 erotica
1195 2457 1313 2485 italiana.

1218 2521 1246 2556 3.

1457 768 1548 794 Fir-¹⁸.

1395 801 1420 821 ²⁴
1434 799 1474 818 ‹m-
1491 801 1611 823 urum-

1393 835 1612 915 xiii-02¹2&
