1708 2774
99 494 111 508 e
125 493 147 507 se
160 493 186 506 ne
206 485 309 512 vergogno

100 521 134 541 per
157 513 191 536 lui.
216 517 274 532 tanto
298 512 309 530 e

99 547 152 561 vano
165 540 199 559 cio
213 538 249 559 che
263 537 310 558 ted—

99 573 124 588 ve

336 301 376 325 22

757 288 1092 319 EPISTOLARIO

337 425 419 459 naris
442 424 500 464 his,
524 433 584 466 que
612 420 666 454 tibi
690 418 881 462 scripsimus,
905 415 1113 460 respondere:
1139 413 1202 447 vidi
1229 412 1360 457 quidem
1388 421 1420 446 et
1442 411 1525 456 legi:

337 492 367 516 et
394 483 436 516 ita
459 492 510 513 me
537 481 624 513 Deus
655 487 750 517 amet,
770 485 805 509 ut
823 474 888 508 vidi
914 473 1091 518 puduitque
1116 471 1303 513 videre!(¹);
1333 470 1414 505 adeo
1443 481 1527 503 vana

336 549 410 574 sunt
433 548 464 573 et
485 534 799 580 incorrespondentia
832 541 946 566 cuncta
973 543 1036 576 que
1064 530 1194 565 scribis:
1218 530 1376 564 fluctuant
1405 528 1527 569 omnia,

335 657 422 682 renze,
436 658 450 672 «
464 655 525 674 cum
536 645 639 681 sapiens
654 644 695 670 vir
712 642 839 670 dominus
854 640 906 667 To-

337 691 462 718 «masius
493 688 596 715 Marchi
621 685 810 714 dilectissimus
838 682 905 710 civis

337 745 351 759 «
363 739 463 764 noster,
482 731 527 767 qui
546 730 661 757 multum
681 729 723 755 his
741 726 907 762 temporibus

336 785 350 800 «
363 775 390 801 in
409 773 557 801 honoribus
573 780 604 799 ac
624 770 736 798 servitiis
756 774 844 796 nostre
857 767 906 793 rei-

336 827 350 841 «
364 815 466 851 publice
482 814 619 846 laboravit,
632 813 658 839 in
674 819 811 839 sacrorum
825 816 907 836 cano-

337 869 351 884 «
364 867 428 885 num
461 857 625 893 professione
653 855 718 882 velit
745 861 771 881 et
799 855 907 888 appetat

337 910 351 925 t<
363 900 497 927 doctorari
510 909 535 932 »‚
554 898 602 925 che
628 897 680 933 egli
706 896 839 924 concedet
858 903 906 921 vo-

335 943 404 970 lesse
424 942 450 969 al
462 950 511 968 suo
524 941 624 968 vicario
639 949 655 966 o
671 939 705 966 ad
724 939 790 965 altra
809 938 906 964 idonea

336 994 450 1021 persona
463 984 570 1017 facolta,
585 993 598 1008 «
612 983 682 1018 quod
695 980 850 1008 huiusmodi
862 981 907 1006 do-

338 1038 352 1053 «
367 1033 482 1054 ctoratus
511 1025 721 1052 celebrationem
746 1023 787 1049 his
815 1022 907 1048 diebus

339 1080 352 1095 tx
367 1068 515 1105 pascalibus
534 1067 629 1094 debeat
645 1066 767 1101 expedire
781 1074 810 1097 »3
826 1064 906 1090 Arch.

339 1113 364 1139 di
385 1112 462 1139 Stato
481 1111 508 1137 in
523 1111 641 1142 Firenze,
662 1110 731 1136 Miss.
747 1116 784 1143 17,
804 1116 827 1134 c.
843 1115 874 1139 14
884 1115 907 1139 Β,

339 1156 502 1191 «Episcopo
530 1153 684 1180 Florentino
707 1162 731 1184 »,
762 1159 792 1178 12
817 1149 907 1186 aprile.

339 1198 490 1225 Accennasi
501 1197 546 1232 qui
560 1205 575 1222 a
589 1195 686 1230 servigi
695 1194 747 1221 resi
762 1194 795 1220 da
808 1200 909 1219 messer

340 1240 491 1267 Tommaso
503 1238 555 1265 alla
567 1237 666 1273 patria;
682 1245 696 1263 e
709 1235 753 1263 noi
767 1235 908 1271 sappiamo

339 1282 425 1309 infatti
444 1282 485 1308 dai
506 1279 662 1307 documenti
677 1278 720 1305 del
735 1285 828 1313 tempo
848 1277 908 1309 che,

338 1325 473 1361 scoppiata
487 1324 579 1350 l’anno
591 1322 698 1349 innanzi
717 1321 742 1348 la
763 1329 858 1356 guerra
869 1326 908 1347 tra

340 1368 448 1394 Firenze
467 1375 482 1393 e
492 1366 517 1392 la
528 1365 635 1398 Chiesa,
651 1364 668 1390 il
682 1363 796 1395 Marchi,
809 1363 910 1389 inviato

340 1410 534 1436 ambasciatore
557 1407 630 1443 negli
654 1406 722 1433 Stati
746 1406 864 1441 soggetti
884 1404 910 1431 al

340 1451 481 1489 pontefice,
499 1450 567 1477 erasi
590 1454 790 1476 strenuamente
811 1447 910 1482 adope-

340 1501 397 1522 rato
419 1503 434 1521 a
453 1493 611 1530 propagarvi
631 1492 662 1519 ed
681 1491 816 1518 attizzarvi
835 1490 860 1517 la
880 1490 910 1516 ri-

339 1537 456 1564 bellione
485 1542 577 1563 contro
601 1534 638 1570 gli
657 1533 765 1560 ufficiali
787 1532 910 1560 ecclesia-

340 1579 407 1606 stici.
455 1579 518 1605 Cosi
542 1577 723 1608 nell'ottobre,
750 1575 867 1603 recatosi
896 1584 911 1601 a

341 1622 430 1656 Siena,
449 1630 532 1648 aveva
551 1620 657 1646 innanzi
675 1625 742 1646 tutto
762 1624 869 1646 cercato
886 1617 911 1644 di

339 1664 446 1690 indurre
462 1669 554 1699 questa
567 1663 629 1689 citta
642 1671 656 1688 a
672 1667 779 1688 contrar
797 1661 858 1696 lega
869 1660 912 1687 coi

340 1706 494 1738 fiorentini,
513 1705 627 1732 facendo
640 1704 766 1731 balenare
777 1704 802 1730 ai
818 1703 912 1730 Senesi

339 1749 365 1775 la
385 1757 510 1784 speranza
530 1748 589 1780 che,
609 1756 660 1774 ove
685 1747 705 1773 si
725 1747 878 1781 piegassero
898 1753 912 1771 a

341 1791 393 1823 cio,
404 1790 596 1817 riuscirebbero
606 1789 675 1816 forse
685 1797 700 1815 a
713 1795 849 1824 strappare
859 1787 913 1823 agli

341 1833 444 1859 Aretini
455 1832 472 1859 il
481 1838 591 1858 conteso
609 1831 765 1866 Luciguano
776 1831 859 1865 (Miss.
873 1837 912 1863 15,

342 1884 365 1902 c.
379 1876 407 1902 18
414 1883 442 1907 A,
458 1885 472 1899 «
485 1874 558 1901 Nota
571 1883 585 1900 a
597 1882 632 1900 m.
650 1873 794 1900 Thomaso
807 1871 912 1898 Marchi

343 1927 356 1942 α
368 1917 470 1943 ambax.
494 1925 509 1942 a
530 1916 609 1942 Siena
624 1925 647 1947 »,
664 1914 698 1942 26
717 1914 850 1949 ottobre);
869 1913 914 1940 nel

342 1959 476 1986 dicembre
496 1964 602 1994 passato
622 1966 636 1983 a
656 1957 729 1984 Citta
747 1957 774 1983 di
791 1956 913 1984 Castello

342 2009 508 2037 promoveva
517 2009 564 2036 per
577 1999 668 2026 volere
678 1999 749 2035 degli
761 1999 829 2026 Otto
837 1999 914 2026 Santi

342 2044 454 2070 Insieme
482 2051 497 2069 a
523 2051 565 2069 ser
589 2041 702 2068 Taddeo
730 2040 867 2068 Carchelli
888 2039 914 2067 13

341 2084 438 2111 rivolta
470 2084 616 2117 d'Urbin0;
645 2084 713 2110 Miss.
741 2091 781 2117 15,
801 2092 823 2110 c.
846 2091 874 2118 33
886 2091 914 2115 A,

346 2126 376 2154 16
387 2127 532 2154 dicembre.
557 2127 592 2153 Di
605 2126 630 2153 la
643 2126 726 2161 pochi
739 2125 828 2161 giomi
841 2126 913 2161 dopo

343 2177 450 2196 correva
470 2178 484 2195 3
503 2169 575 2196 Forll
595 2177 609 2195 a
626 2168 753 2194 favorirvi
772 2167 914 2194 l'elezione

342 2212 369 2238 in
383 2213 490 2247 signore
505 2211 574 2237 della
587 2211 650 2237 citta
664 2211 690 2237 di
710 2209 848 2237 Sinibaldo
863 2210 914 2237 Or-

343 2252 430 2280 delaffi
454 2262 468 2279 e
487 2253 618 2279 meritava
636 2261 682 2287 per
707 2252 733 2278 la
751 2260 798 2278 sua
817 2259 914 2287 sagace

343 2295 453 2322 solerzia
463 2295 488 2322 le
498 2295 554 2321 lodi
564 2294 632 2321 della
644 2294 782 2330 Signoria;
795 2295 864 2321 Miss.
875 2301 914 2327 15,

344 2346 367 2365 c.
387 2345 457 2370 4114,
483 2347 497 2363 «
519 2337 641 2364 Domino
661 2336 784 2363 Tomaso
808 2335 915 2363 Marchi

345 2390 359 2405 «
369 2380 440 2407 Octo
448 2390 472 2413 »,
479 2379 495 2406 6
504 2388 584 2415 genn.
603 2379 700 2406 Alcuni
710 2379 778 2406 mesi
786 2386 914 2414 appresso

345 2422 447 2449 andava
465 2423 492 2448 in
518 2423 661 2457 Romagna
679 2431 695 2449 a
711 2422 840 2449 Galeotto
859 2421 916 2448 Ma-

344 2464 438 2492 latesta
455 2473 502 2500 per
530 2470 623 2491 trattar
646 2464 719 2500 degli
737 2463 847 2491 secordi
873 2469 914 2491 tra

952 640 1039 667 costui
1059 649 1074 667 e
1090 640 1127 674 gli
1143 640 1202 667 altri
1215 639 1307 666 alleati
1327 639 1368 666 de'
1382 636 1528 665 Fiorentini

952 684 1034 719 (Miss.
1048 691 1087 718 17,
1096 691 1118 710 c.
1129 690 1162 716 50
1172 690 1197 715 n,
1205 692 1219 707 α
1228 681 1351 708 Domino
1363 679 1529 711 Galeocto»‚

954 735 982 761 31
999 725 1112 762 luglio);
1127 734 1142 752 e
1155 725 1199 751 nel
1213 724 1363 751 novembre
1384 731 1399 749 a
1412 721 1530 758 Perugia

951 778 999 805 per
1018 767 1166 796 difendervi
1178 767 1205 794 13
1220 775 1300 794 causa
1318 766 1346 792 di
1364 764 1449 792 taluni
1462 772 1530 791 mer-

951 811 1021 838 canti
1035 810 1186 842 fiorentini;
1200 810 1269 836 Miss.
1282 817 1322 844 17,
1331 817 1354 835 c.
1368 815 1401 842 77
1411 815 1440 840 Α,
1451 816 1466 832 α
1479 806 1530 834 Pe-

953 865 967 879 «
981 854 1076 880 rusinis
1091 864 1115 886 »,
1135 853 1151 880 8
1166 852 1311 879 dicembre.
1349 851 1385 877 Αἰ
1401 849 1532 886 Peri-igini

952 903 1047 933 questo
1061 906 1075 921 οε
1090 896 1242 923 licentiatus
1255 895 1283 921 in
1294 894 1354 921 iure
1362 893 1496 920 canonico
1506 902 1532 926 ι,

953 940 1003 966 che
1022 945 1166 966 sosteneva
1191 946 1244 964 con
1263 936 1380 964 tenacita
1398 935 1470 962 forse
1489 942 1532 962 so-

952 981 1062 1009 verchia
1073 981 1098 1007 le
1108 980 1213 1015 ragioni
1226 979 1267 1006 de’
1278 980 1336 1006 suoi
1349 976 1532 1009 concinadini,

953 1033 1006 1051 non
1026 1032 1090 1059 pare
1109 1023 1237 1059 garbasse
1255 1028 1370 1057 troppo:
1384 1031 1399 1046 α
1415 1026 1533 1047 ceterum

954 1078 968 1093 α
983 1066 1087 1102 scripsit
1114 1066 1193 1093 nobis
1222 1071 1312 1092 vestra
1340 1063 1494 1091 fraternitas
1507 1072 1533 1095 ι,

954 1111 1010 1137 cosi
1031 1108 1210 1145 rispondevan
1234 1109 1241 1134 i
1261 1107 1346 1143 priori
1369 1104 1533 1133 florentinia

953 1153 1013 1188 que‘
1027 1152 1052 1178 di
1069 1151 1184 1187 Perugia
1198 1150 1217 1177 il
1231 1159 1259 1185 31
1279 1149 1428 1182 dicembre,
1444 1158 1459 1173 α
1468 1155 1534 1184 que-

956 1206 970 1220 «
987 1196 1049 1222 dam
1065 1196 1129 1222 satis
1148 1194 1288 1221 mordacia
1317 1198 1412 1220 contra
1430 1191 1534 1228 sapien·

956 1244 1038 1264 «tem
1066 1238 1154 1263 virum
1180 1236 1323 1263 dominum
1344 1233 1534 1261 Thomaxium

956 1291 969 1305 α
984 1280 1090 1306 Marchi
1109 1279 1322 1306 ambaxiatorem
1347 1283 1483 1310 nostrum,
1500 1275 1534 1303 de

956 1333 970 1348 α
987 1323 1083 1358 quibus
1109 1330 1171 1350 cum
1197 1321 1314 1348 eundern
1333 1319 1488 1352 discretum,
1503 1317 1535 1345 fi-

956 1375 970 1390 «
984 1365 1073 1392 delem
1089 1371 1116 1391 et
1138 1365 1355 1400 circunspectum
1370 1362 1403 1389 ab
1422 1366 1534 1397 experto

957 1419 971 1434 «
983 1408 1150 1439 noverimus,
1164 1407 1229 1434 satis
1254 1407 1378 1442 cogimur
1396 1403 1535 1431 admirari.

958 1461 972 1476 «
987 1459 1037 1477 nec
1057 1450 1191 1477 credimus
1204 1457 1235 1476 ea
1248 1448 1302 1476 nisi
1321 1446 1535 1483 maliloquorum

958 1503 972 1518 α
985 1493 1087 1519 malitia
1111 1491 1272 1519 fraternitati
1290 1496 1381 1517 vestre
1399 1493 1537 1525 suggesta,

958 1547 972 1562 «
985 1545 1034 1563 nec
1053 1535 1130 1563 nobis
1145 1543 1192 1570 per
1210 1542 1260 1561 vos
1275 1533 1328 1560 nisi
1341 1532 1393 1560 fide
1407 1533 1468 1559 data
1481 1539 1538 1558 ma-

959 1588 972 1603 «
985 1578 1075 1605 livolis
1094 1578 1217 1604 intimata
1228 1585 1257 1609 »;
1278 1577 1348 1603 Miss.
1370 1583 1409 1611 17,
1426 1583 1450 1601 c.
1466 1574 1537 1606 8za,

958 1631 972 1646 «
987 1621 1124 1648 Perusinis
1137 1630 1161 1647 n.
1199 1618 1282 1655 Negli
1294 1618 1358 1645 anni
1377 1617 1430 1644 che
1448 1615 1538 1652 segui-

957 1672 1026 1691 rono
1045 1671 1117 1699 poco
1132 1662 1255 1698 sappiam
1274 1661 1300 1688 di
1319 1661 1367 1693 lui,
1386 1668 1402 1687 e
1420 1658 1493 1686 forse
1511 1658 1538 1686 le

958 1706 1081 1733 violenze
1100 1706 1141 1732 de'
1157 1705 1267 1740 Ciompi
1286 1704 1314 1730 lo
1333 1701 1538 1738 consigliarono

958 1757 1005 1785 per
1016 1748 1131 1785 qualche
1141 1755 1233 1784 tempo
1245 1756 1260 1773 3
1271 1753 1327 1773 star
1337 1746 1451 1773 lontano
1465 1743 1539 1781 dalla

959 1792 1012 1819 vita
1041 1791 1177 1828 pubblica.
1223 1789 1388 1826 Squittinato
1411 1787 1457 1815 nel
1478 1785 1538 1814 feb-

958 1835 1035 1861 braio
1055 1834 1130 1870 1382,
1156 1842 1204 1869 per
1223 1833 1242 1860 il
1263 1831 1410 1868 goufalone
1429 1829 1539 1866 Vipera,

960 1876 1092 1912 quartiere
1120 1875 1149 1903 S.
1171 1875 1257 1902 Maria
1283 1873 1355 1901 Nov.
1374 1871 1423 1908 (cf.
1442 1871 1540 1907 Delizz'a

959 1919 1023 1954 degli
1032 1918 1099 1945 erud.
1112 1922 1169 1946 tusc.
1179 1917 1255 1951 XVI,
1271 1916 1342 1952 177),
1353 1915 1542 1951 raggiungeva

960 1961 1052 1989 l‘anno
1071 1969 1199 1997 appresso
1218 1969 1266 1996 per
1284 1959 1312 1986 13
1326 1959 1415 1995 prima
1433 1957 1508 1985 volu
1519 1955 1540 1984 il

960 2005 1078 2040 prierato
1091 2004 1163 2039 (Del.
1176 2003 1220 2031 cit.
1233 2003 1323 2035 XVII,
1337 2002 1386 2037 45)
1395 2009 1412 2029 e
1423 1999 1540 2034 nell''84

961 2048 1066 2075 andava
1087 2047 1286 2074 ambasciatore
1309 2053 1363 2072 con
1387 2043 1540 2071 Benedetto

961 2090 1065 2118 Alberti
1084 2090 1117 2117 ed
1145 2089 1255 2116 Andrea
1283 2088 1374 2115 Albizi
1400 2096 1416 2114 a
1441 2086 1541 2119 Sienn3

959 2132 1032 2159 forse
1051 2132 1078 2159 di
1104 2131 1168 2158 mal'
1181 2131 1284 2164 animo,
1313 2130 1365 2157 che
1379 2136 1499 2156 nessuno
1517 2128 1540 2155 si

962 2183 1008 2202 era
1026 2174 1122 2201 voluto
1141 2174 1300 2201 sobbarcare
1325 2181 1341 2199 a
1364 2171 1420 2199 tale
1437 2169 1540 2204 afficio,

962 2227 976 2242 «
991 2217 1163 2244 considerato
1183 2216 1234 2243 che
1250 2216 1269 2243 li
1289 2215 1387 2242 Sanesi
1405 2222 1476 2242 sono
1493 2220 1542 2240 uo-

963 2270 976 2284 «
991 2260 1058 2286 mini
1077 2259 1105 2286 di
1120 2259 1188 2286 furia
1213 2268 1228 2286 e
1250 2267 1308 2285 non
1326 2257 1416 2284 molto
1434 2255 1541 2293 persenti

964 2313 978 2327 α
991 2303 1073 2330 amici
1105 2301 1346 2335 de'Fioi-eutini»;
1376 2309 1392 2328 e
1420 2299 1508 2327 difam·
1531 2299 1542 2326 i

962 2345 1135 2373 commissari
1161 2351 1308 2372 trovarono
1337 2345 1435 2371 cattive
1462 2350 1542 2370 acco-

962 2388 1083 2424 glienze;
1096 2387 1152 2415 Del.
1167 2388 1212 2415 cit.
1227 2387 1316 2420 XVII,
1334 2394 1376 2421 57.
1405 2386 1457 2413 Pin
1470 2390 1543 2412 tran-

989 2472 1024 2500 (ι)
1037 2471 1064 2492 V.
1080 2476 1132 2492 nota
1148 2477 1156 2492 1
1172 2477 1184 2492 ι
1198 2478 1220 2499 p.
1234 2477 1268 2498 23.
