1682 2762
66 388 143 402 ovvero

65 409 124 435 privo

64 434 148 455 undula

196 387 278 412 “Sernbe

153 414 189 454 gu?
220 414 269 427 mm
272 418 279 422 ·

91 555 124 575 Ma
137 555 212 575 dacche
225 554 278 574 desi-

64 583 111 602 dem
125 587 206 602 onener
220 581 277 607 qual-

63 609 100 629 che
114 608 193 635 dignita
212 608 231 627 ei
244 614 274 627 re-

63 641 160 662 putasene
174 635 251 661 degno.

90 729 105 749 E
128 729 195 755 degno
218 733 244 747 ne
263 727 274 746 ὲ

62 755 148 780 dmum
167 754 210 774 anzi
233 760 273 773 me-

62 784 99 803 rim
113 782 132 802 d·
141 788 197 801 esser
210 786 274 800 auno-

61 814 132 830 verato
145 808 178 828 coi
192 808 227 835 piu
241 807 274 826 de-

63 837 105 863 gni,

64 1014 96 1034 sol
115 1012 187 1040 perche
205 1011 219 1031 1¹
231 1015 274 1031 nte

64 1042 143 1068 poetica
158 1038 248 1066 εοορετὸ
263 1044 275 1057 a

63 1068 116 1088 farlo
130 1066 171 1087 tale
181 1073 187 1091 ;

63 1131 88 1150 nd
95 1136 140 1150 essa
148 1129 228 1155 dunque
238 1127 275 1146 dee

63 1157 103 1183 egli
111 1156 193 1176 rendere
200 1154 274 1181 grazie.

92 1362 135 1383 Che
155 1368 177 1382 se
198 1361 218 1381 ln
235 1360 277 1380 for-

65 1395 115 1410 tuna
137 1395 180 1408 non
203 1387 231 1414 gli
259 1387 277 1406 si

66 1413 277 1438 mosmfavorevole,

66 1443 113 1470 qual
128 1442 188 1469 colpe
207 1447 232 1461 ne
251 1440 278 1460 hu

66 1471 84 1490 ln
98 1469 170 1497 poesia
179 1468 189 1488 ἶ

92 1536 140 1556 Non
168 1536 180 1554 ὲ
207 1535 277 1561 giusto

67 1563 136 1610 ffliindi
159 1561 278 1582 imam-tsi

82 1598 87 1610 ι
101 1595 154 1613 essa,

69 1715 105 1735 che
132 1714 153 1734 lo
181 1713 206 1733 ha
232 1718 278 1733 reso

68 1741 123 1768 qunl'
132 1742 150 1765 ὲ,

69 1826 121 1872 riieeo
133 1822 226 1844 d'eecelsi
236 1829 279 1850 pre-

69 1860 106 1908 ῗὶιέ
127 1886 186 1907 molti
207 1885 280 1906 volon-

69 1915 117 1934 tieri
147 1912 284 1934 ncnmbiereb-

70 1941 119 1961 bero
134 1940 188 1961 colle
202 1939 281 1967 dignit&

70 1968 124 1987 loro.

98 2108 131 2129 Mn
140 2107 252 2136 potrebb'e
268 2107 283 2127 li

71 2141 82 2155 e
97 2135 143 2156 altri
157 2142 197 2156 con
207 2135 235 2155 lui
248 2141 261 2155 ο
275 2146 283 2150 -

72 2163 156 2182 bietine
180 2162 217 2182 che
240 2168 283 2182 non

72 2189 90 2208 la
106 2190 175 2215 poesi·

309 254 374 287 224
732 251 1076 279 EPISTOLARIO

307 376 403 409 rere?
459 387 525 408 non
559 374 690 408 arbitror
721 384 752 408 te
777 374 856 408 adeo
885 374 981 408 futilis
1011 376 1142 409 rationis
1171 376 1337 420 inanisque
1365 377 1500 418 consilii,

306 433 393 477 quod
429 432 591 476 dignitatis
627 432 778 466 meritum
802 444 868 466 non
899 431 1036 476 preferas
1071 432 1236 477 dignitati:
1261 434 1320 467 nisi
1356 433 1437 468 forte
1461 433 1501 467 de

305 502 441 524 numero
465 491 507 524 sis
531 490 669 532 illorum,
693 490 807 534 quibus
831 490 924 524 vilior
946 499 994 524 est
1017 491 1115 525 virtus
1139 492 1292 536 opinione
1319 493 1442 526 virtutis
1469 501 1502 526 et

304 549 338 581 in
363 549 445 581 votis
470 547 587 581 habent
610 547 713 580 bonos
739 548 843 592 potius
868 559 1016 592 apparere
1038 560 1136 592 quam
1160 561 1238 583 esse.
1285 558 1317 582 et
1345 550 1500 594 quoniam

304 606 411 650 aliquo
434 615 517 639 statu
542 606 702 650 dignitatis
727 606 885 639 desideras
909 607 997 651 erigi,
1023 616 1124 640 certus
1148 618 1220 640 sum
1244 616 1343 641 temet
1365 619 1432 641 non
1455 608 1502 640 in-

302 663 438 707 dignum
462 672 571 707 optatu
597 664 629 696 in
653 673 706 697 tue
731 664 847 697 mentis
871 675 997 704 arcano,
1021 664 1094 698 licet
1117 664 1198 698 forte
1219 676 1293 698 cum
1320 665 1498 706 titubantia,

302 721 449 755 iudicare.
497 732 560 766 ego
579 730 699 762 autem,
718 722 752 756 ni
772 721 872 762 fallor,
893 722 975 756 hanc
994 722 1050 756 tibi
1071 722 1303 757 dubitationem
1323 723 1501 765 absolvam,

302 789 332 813 et
355 779 432 813 volo
455 779 512 813 tibi
547 779 736 823 persuadeas
759 789 790 813 te
816 779 951 824 dignum
978 791 1046 814 non
1075 781 1140 814 iam
1170 781 1250 822 fore,
1274 781 1330 815 sed
1354 792 1423 815 esse
1446 781 1500 825 qui

302 848 377 871 cum
401 837 475 870 viris
499 836 693 881 dignissimis
717 838 903 879 colloceris;
927 838 1014 882 quod
1037 839 1064 872 si
1088 838 1168 873 forte
1186 850 1254 873 non
1273 840 1371 874 sentis
1387 848 1420 873 et
1438 850 1502 884 ego

302 907 377 929 meo
409 896 596 929 testimonio
625 895 717 929 fallor
747 905 778 929 et
802 896 939 930 omnino
962 905 993 929 te
1017 896 1115 930 talem
1141 908 1210 931 esse
1237 909 1304 931 non
1325 897 1436 938 credis,
1461 897 1502 931 de

301 963 355 987 tua
368 954 474 997 potius
490 954 693 999 ignavia‚qui
709 953 856 987 nondum
869 953 952 987 hanc
965 953 1198 998 perfectionem
1217 965 1379 989 assecutus
1395 954 1502 996 fueris,

303 1019 334 1044 et
357 1022 424 1044 non
449 1010 488 1044 de
512 1011 636 1054 poetica
672 1012 892 1056 conqueraris;
916 1021 952 1045 ut
975 1012 1063 1045 enim
1086 1011 1202 1056 dignus
1225 1013 1278 1053 sis,
1302 1013 1408 1057 poesis
1433 1013 1502 1057 ipsa

302 1080 370 1102 non
394 1068 527 1109 obstitit,
551 1069 607 1104 sed
631 1070 740 1111 astitit,
763 1080 830 1103 non
853 1069 1030 1114 impedivit,
1050 1070 1106 1104 sed
1129 1070 1261 1112 adiuvit,
1283 1083 1350 1105 non
1377 1070 1502 1112 defecit,

303 1127 359 1160 sed
383 1126 503 1168 effecit3
528 1127 636 1167 habes,
661 1128 694 1160 ni
718 1127 797 1161 velis
819 1127 1022 1172 impudenter
1040 1129 1072 1162 in
1093 1127 1212 1162 inficias
1236 1130 1292 1170 ire,
1315 1129 1402 1163 unde
1424 1139 1503 1173 poe-

302 1186 364 1218 tice
399 1185 514 1229 gratias
546 1196 631 1229 agas.
685 1185 772 1230 quod
805 1186 893 1219 enim
924 1187 1105 1220 maximum
1137 1195 1195 1226 est,
1230 1186 1375 1220 animum
1409 1195 1502 1220 tuum

304 1242 450 1283 erudivit,
484 1243 621 1284 ornavit,
644 1252 681 1277 ut
703 1243 819 1288 dignus
852 1243 935 1277 illius
967 1243 1094 1288 gradus,
1119 1243 1159 1277 ad
1186 1255 1284 1288 quem
1312 1243 1430 1278 videris
1464 1244 1503 1277 ab

304 1300 396 1333 initio
421 1300 604 1344 suspirasse,
629 1309 660 1334 et
682 1301 725 1334 sis
749 1310 781 1334 et
804 1312 822 1334 a
845 1301 987 1345 plurimis
1010 1301 1166 1335 iudiceris,
1212 1301 1288 1346 quid
1319 1302 1455 1346 amplius
1485 1313 1504 1335 a

304 1358 429 1402 poetica
461 1367 552 1402 potes
575 1359 728 1403 exigere?
774 1368 858 1393 certe
881 1359 988 1393 nichil.
1035 1370 1112 1392 nam
1134 1370 1265 1404 prosper
1294 1359 1346 1393 ille
1376 1359 1504 1394 fortune

304 1415 409 1457 flatus,
431 1427 497 1460 quo
521 1428 596 1450 curn
619 1417 750 1457 utimur,
774 1426 810 1451 ut
833 1417 937 1462 inquit
960 1417 1086 1459 Cicero,
1107 1417 1147 1451 ad
1170 1417 1274 1452 exitus
1297 1418 1504 1462 pervenimus

305 1483 433 1519 optatos
447 1475 492 1515 (¹),
516 1487 576 1509 nec
598 1476 632 1509 in
656 1475 803 1509 manibus
828 1477 943 1510 nostris
968 1485 1015 1510 est
1038 1488 1098 1510 nec
1121 1476 1217 1510 debes
1241 1488 1259 1510 a
1281 1477 1419 1521 poetica,
1441 1477 1502 1511 nisi

307 1532 452 1577 desipias,
477 1542 654 1577 expectare.
701 1533 791 1567 vides
810 1535 885 1575 iam,
901 1535 934 1567 ni
954 1534 1056 1575 fallor,
1071 1546 1170 1579 quam
1193 1534 1308 1568 iniuste
1324 1534 1363 1568 de
1379 1535 1506 1579 poetica

305 1601 436 1635 questus
460 1592 513 1633 sis,
527 1603 588 1636 que
605 1602 636 1625 te
652 1592 762 1633 talem,
777 1591 856 1626 dum
872 1592 961 1626 illam
980 1594 1132 1637 sequeriS,
1150 1593 1196 1627 illi
1212 1592 1332 1633 studes,
1348 1593 1434 1626 illam
1448 1593 1504 1627 tibi

306 1660 373 1682 non
397 1649 515 1694 inepte,
540 1649 596 1683 sed
621 1649 856 1684 consultissime
879 1650 1062 1684 studiorum
1084 1659 1216 1684 tuorum
1238 1652 1412 1685 terminum
1431 1662 1506 1696 pro·

306 1707 410 1751 ponis,
438 1707 552 1748 effecit,
581 1707 679 1752 quod,
710 1707 783 1741 licet
808 1707 998 1752 dignitatem
1025 1719 1093 1742 non
1117 1708 1244 1750 habeas,
1263 1708 1506 1742 celeberrimum

307 1774 415 1798 tamen
439 1765 602 1810 dignitatis
626 1765 762 1811 gradum
786 1765 912 1805 debeas,
932 1767 959 1799 si
977 1766 1202 1811 dispensentur
1219 1767 1278 1801 ista
1297 1766 1505 1809 merentibus,

308 1822 462 1857 obtinere.
509 1822 617 1864 habes,
631 1822 720 1868 quod
735 1823 895 1868 optimum
914 1834 972 1864 est,
992 1824 1188 1868 singularem
1206 1833 1239 1858 et
1256 1835 1360 1858 raram
1379 1823 1506 1858 habitus

308 1881 501 1922 facultatem,
525 1892 623 1926 quarn
639 1893 708 1915 non
726 1881 881 1923 dubitem,
900 1882 927 1915 si
944 1882 1117 1927 permutari
1136 1891 1244 1927 posset
1261 1883 1341 1916 etin
1359 1891 1506 1916 nostrum

310 1939 536 1973 commertium
561 1939 696 1981 caderet,
722 1940 815 1974 multi
837 1949 945 1974 tecum
969 1941 1114 1974 maximo
1137 1941 1245 1985 precio
1268 1949 1301 1974 et
1319 1941 1415 1974 etiam
1431 1952 1507 1974 cum

309 1998 373 2031 suis
397 1997 605 2042 dignitatibus
625 1998 833 2032 libentissime
852 2007 1106 2033 commutarent:
1123 2007 1155 2033 et
1173 2009 1220 2040 tu,
1238 1999 1362 2044 ingrate
1381 1999 1506 2044 tuique-

311 2065 377 2089 met
400 2055 508 2096 oblite,
533 2065 600 2089 tam
623 2057 734 2090 acriter
758 2066 868 2090 contra
890 2057 970 2090 tanti
995 2056 1070 2090 boni
1093 2065 1258 2101 parentem
1273 2066 1304 2090 et
1321 2056 1505 2098 auctricem,

311 2113 481 2157 poeticam,
513 2113 692 2148 delatrasti?
738 2113 794 2148 sed
825 2115 948 2159 inquiet
981 2114 1104 2159 aliquis,
1137 2113 1269 2148 forsitan
1297 2123 1328 2148 et
1357 2123 1391 2148 tu
1421 2114 1509 2159 ipse,

310 2179 398 2205 tanta
416 2181 464 2205 est
482 2171 626 2206 deliratio
650 2173 778 2213 mentis,
803 2172 937 2206 obicies:
958 2184 1014 2207 cur
1037 2172 1100 2206 hoc
1122 2172 1247 2217 poetice
1270 2171 1407 2206 tribuis?
1450 2183 1508 2206 cur

368 2283 402 2299 ιο.
417 2277 472 2300 Cod.
487 2277 556 2300 credo
628 2284 666 2301 20.
681 2279 745 2307 Dopo
758 2282 848 2307 optatos
862 2278 914 2303 cod.
927 2278 958 2301 dd
972 2278 1030 2306 hoc,
1045 2279 1087 2300 che
1101 2278 1132 2300 Ιιο
1146 2279 1237 2300 murato
1251 2277 1277 2300 in
1293 2283 1335 2299 nec
1402 2283 1438 2301 τι.
1449 2276 1507 2300 eod.

312 2316 412 2345 decipias
474 2324 486 2347 3
493 2324 499 2340 ι
505 2334 511 2341 .
526 2318 582 2341 Cod.
596 2317 686 2348 inquies

348 2411 391 2448 (ι)
411 2412 471 2440 C1c.
490 2412 530 2441 De
548 2413 608 2449 offic.
624 2413 658 2447 11,
672 2421 710 2447 VI,
728 2422 776 2450 19;
789 2422 834 2441 ma
846 2414 865 2441 il
877 2419 947 2442 testo
968 2423 982 2440 α
993 2413 1162 2450 pervehimur
1175 2424 1199 2441 n.

1533 906 1572 929 10

1534 1198 1571 1231 15

1531 1487 1574 1511 20

1534 1784 1574 1817 25

1534 2071 1578 2106 30
