1682 2762
138 560 183 580 Tr·
208 559 247 578 due
275 555 324 576 testi

111 588 198 613 dunque,
215 585 273 605 l'uno
289 589 322 603 or-

112 611 268 637 dinno.1¹n!tro
274 616 324 630 cou-

112 641 166 664 fuso,
181 639 227 659 ura
243 642 321 663 semprss

111 665 227 695 preferibile
249 663 264 684 il
282 663 321 690 pri-

112 700 154 715 mo.

138 785 222 813 Dopodi
232 785 270 805 che
277 790 322 811 pase

111 820 134 834 sn
149 820 159 833 ι
172 813 269 833 ricercare
284 811 322 831 che

111 847 158 860 cosa
181 839 265 859 intend,
287 838 322 858 Se-

111 873 162 886 neca
176 873 212 893 per
228 874 238 884 ι
249 866 292 886 vin
302 872 320 889 ι,

110 900 132 913 se
148 893 194 913 εὶοὲ
217 892 237 912 la
251 892 323 912 durata

111 919 216 940 materiale
231 918 322 939 dell'efii-

111 951 181 966 stenzn
208 952 283 965 umam
308 951 322 965 o

111 980 152 993 nou
178 974 278 1000 piuttonto
301 971 323 991 la

111 999 190 1020 morale
201 1000 322 1019 istimzione

112 1027 132 1046 di
146 1031 225 1053 questa.

134 1716 165 1736 Or
172 1716 262 1736 siccome
270 1715 325 1736 della

113 1743 177 1770 prima
190 1749 232 1762 uon
246 1743 258 1762 ὲ
266 1747 323 1762 ceno

114 1770 207 1789 discorso
248 1769 276 1793 ui,
306 1769 323 1789 si

113 1797 196 1816 tranet&
219 1796 242 1815 de
253 1796 272 1815 Ιι
294 1802 324 1815 se-

112 1823 186 1847 cond-n,
192 1823 230 1843 che
236 1822 276 1842 ben
282 1823 323 1850 pub

91 1855 97 1859 ⁶
112 1850 161 1870 dirsi
178 1858 188 1868 ι
197 1850 240 1870 vit·
249 1857 269 1874 a,

352 225 420 288 246
772 250 1116 279 EPISTOLARIO

352 377 484 410 videsne
503 387 599 420 quam
619 375 763 409 ordinate
787 375 963 419 premiserit
984 386 1046 419 que
1070 384 1143 419 post
1166 375 1218 409 illa
1233 384 1383 409 tractatus
1398 376 1447 410 sui
1463 377 1543 410 serie

352 432 448 466 nichil
471 433 645 465 immutans
671 440 838 465 exsecutus
862 431 934 465 est?
979 443 1105 473 verum,
1127 441 1163 465 ut
1192 431 1268 473 dixi,
1292 444 1359 466 non
1381 434 1426 466 sic
1449 433 1543 468 huius

352 490 582 524 observationis
601 489 710 533 regula
732 498 799 523 rata
829 499 886 531 est,
913 489 1002 534 quod
1032 499 1098 522 tam
1122 490 1298 524 oratoribus
1321 503 1417 535 quam
1440 492 1543 536 poetis

351 549 411 582 hec
426 560 493 581 non
508 548 599 581 liceat
614 547 806 592 perturbare.
853 547 1071 582 rationabilius
1089 557 1198 583 tamen
1221 558 1277 590 est,
1309 550 1336 583 si
1358 550 1464 583 varios
1494 551 1542 584 in-

352 607 534 640 venerimus
558 618 626 640 esse
645 615 762 647 textus,
783 606 873 640 illum
896 607 950 651 qui
973 607 1115 651 sequitur
1139 607 1284 642 ordinem
1308 608 1424 652 eligere
1444 620 1542 653 quam

349 664 560 698 disturbatum
584 673 678 708 atque
702 663 871 698 distortum
896 663 1062 706 anteferre,
1074 665 1135 698 nisi
1155 666 1393 709 perversionem
1421 666 1540 700 ordinis

350 721 453 765 aliqua
477 721 556 754 ratio
580 721 632 754 vel
651 721 877 755 convenientia
899 721 1109 766 persuadebit.

438 779 535 813 Nunc
559 788 667 813 autem
686 779 793 813 videre
817 789 944 824 tempus
964 789 1011 814 est
1029 780 1104 824 quid
1128 792 1183 825 per
1205 781 1339 814 vitam
1363 791 1474 816 auctor
1492 783 1540 816 in-

350 836 480 882 telligat.
527 848 603 870 nam
624 849 697 870 cum
714 837 779 870 vita
798 846 865 870 tum
884 849 1023 878 cursum,
1039 838 1106 871 sive
1122 847 1248 882 tempus
1262 850 1328 883 quo
1348 840 1542 884 compositio

351 894 490 938 corporis
514 903 546 928 et
569 894 675 928 anime
706 894 806 935 durat,
831 894 1000 939 significet,
1024 904 1106 936 tum,
1130 905 1164 929 ut
1195 896 1255 929 alia
1278 896 1379 930 multa
1402 906 1543 941 pertran-

349 964 438 985 seam
464 951 503 985 ad
526 963 589 996 que
613 951 675 985 dici
705 961 810 997 potest
839 952 901 986 hoc
925 953 1003 986 vite
1033 952 1227 987 vocabulum
1258 955 1423 998 pertinere,
1447 955 1542 989 nobis

350 1021 480 1044 morum
506 1010 703 1054 qualitatem,
733 1011 801 1044 imo
831 1012 938 1055 potius
971 1014 1088 1051 mores,
1119 1011 1234 1056 quibus
1264 1012 1416 1054 vivimus,
1438 1025 1543 1058 repre-

350 1076 462 1108 sentet,
487 1068 701 1101 necessarium
724 1076 772 1101 est
795 1067 902 1101 videre
933 1079 998 1112 quo
1029 1080 1123 1102 sensu
1155 1078 1264 1102 noster
1287 1079 1398 1103 auctor
1426 1079 1542 1104 utatur.

350 1126 437 1160 iuxta
460 1126 600 1170 primum
624 1126 711 1160 enim
734 1127 887 1171 scriptum
908 1136 968 1160 est:
993 1126 1068 1172 quia
1092 1136 1207 1161 ventus
1232 1137 1279 1161 est
1304 1128 1369 1161 vita
1397 1139 1471 1163 mea
1489 1128 1542 1169 (¹);

351 1193 382 1217 et
404 1183 481 1217 illud
499 1185 686 1228 poeticum:

848 1229 929 1256 breve
948 1235 975 1257 et
992 1229 1164 1266 irreparabile
1182 1235 1290 1266 tempus

564 1277 701 1305 Omnibus
721 1283 760 1305 est
779 1277 833 1304 vite
851 1277 894 1304 (²).

351 1367 434 1400 hanc
458 1375 566 1400 autem
589 1367 701 1407 vitam,
725 1378 800 1401 cum
828 1368 1010 1401 communis
1040 1367 1081 1401 sit
1111 1367 1237 1402 homini
1267 1369 1452 1413 cunctisque
1475 1370 1543 1404 ani-

351 1424 511 1458 mantibus
528 1435 623 1468 super
641 1433 767 1465 terram,
787 1425 938 1459 omnibus
957 1425 1137 1459 viventibus
1157 1437 1219 1470 que
1235 1426 1293 1460 sub
1308 1435 1455 1471 tempore
1469 1435 1546 1461 sunt

351 1492 474 1516 certum
498 1491 545 1516 est
567 1482 677 1524 fluere,
701 1482 789 1516 iuxta
812 1482 954 1516 Nasonis
977 1483 1188 1517 sententiam:

565 1560 706 1596 Tempora
724 1560 863 1593 labuntur3
882 1560 1023 1596 tacitisque
1042 1561 1210 1588 senescimus
1228 1561 1306 1589 annis

565 1610 599 1636 Et
617 1610 706 1642 currit,
724 1608 802 1636 freno
821 1617 878 1636 non
897 1615 1061 1643 remorante,
1079 1610 1137 1637 dies
1151 1609 1196 1643 (3),

351 1714 396 1746 ut,
420 1703 506 1750 quod
542 1703 636 1738 huius
671 1714 791 1748 magna
814 1703 866 1737 vel
889 1704 1031 1737 maxima
1063 1715 1134 1748 pars
1162 1703 1284 1739 labatur
1306 1713 1361 1739 aut
1383 1714 1451 1740 tota
1474 1717 1542 1740 non

351 1764 391 1797 sit
415 1764 496 1796 inter
519 1762 669 1796 homines
693 1761 967 1806 distinguendum.
1015 1762 1079 1796 vite
1103 1774 1180 1796 vero
1204 1771 1312 1796 nostre
1341 1763 1470 1808 moralis
1493 1765 1543 1798 in-

351 1819 483 1859 stitutio,
503 1831 565 1863 que
585 1819 651 1852 vita
667 1827 724 1859 est,
745 1818 924 1852 differenter
943 1830 960 1852 a
979 1818 1073 1852 nobis
1091 1828 1197 1863 potest
1221 1819 1339 1860 haberi,
1355 1820 1434 1861 imo,
1448 1821 1542 1855 sicuti

350 1871 508 1912 videmus,
534 1870 676 1904 habetur.
727 1879 759 1904 et
782 1869 869 1915 quod
893 1870 953 1904 hec
977 1871 1134 1905 institutio
1158 1871 1223 1905 vita
1253 1872 1294 1905 sit
1325 1881 1356 1906 et
1385 1883 1474 1907 sacre
1495 1882 1543 1907 te—

350 1937 473 1962 stantur
486 1928 587 1961 littere
603 1937 636 1961 et
650 1927 842 1962 secularium
855 1924 1045 1972 'astipulatur
1061 1927 1214 1962 doctrina.
1261 1928 1338 1970 quid
1353 1930 1441 1963 enim
1457 1929 1542 1964 aliud

406 2044 425 2060 1.
439 2037 476 2059 Me
489 2036 616 2065 promiserit
627 2042 671 2065 per
684 2042 785 2059 erronea
799 2036 995 2065 interpr-emanue
1010 2037 1072 2059 della
1090 2038 1157 2067 sigla
1176 2038 1219 2060 che
1231 2039 1282 2061 vale
1295 2045 1334 2067 pre
1348 2045 1413 2062 come
1424 2045 1466 2068 pm
1506 2039 1544 2062 Μ’

350 2077 429 2099 seriem
484 2083 504 2099 2.
521 2077 539 2098 P
551 2079 636 2099 omette
649 2076 682 2098 sic
735 2084 760 2104 4.
781 2076 800 2098 V
810 2077 854 2098 hoc
917 2083 940 2106 5.
954 2075 985 2098 L²
995 2076 1025 2099 l)
1037 2077 1102 2099 PMe
1115 2080 1232 2101 ometeono
1244 2085 1293 2101 esse
1359 2086 1380 2108 7.
1401 2079 1545 2108 Vpemndit

350 2124 373 2146 9.
395 2117 414 2139 V
425 2119 510 2139 omette
526 2117 573 2139 vita
613 2116 674 2145 sive]
695 2116 714 2138 V
724 2123 790 2138 suum
817 2115 847 2138 z)
863 2116 898 2138 sui
955 2123 990 2139 ιο.
1004 2117 1066 2145 tum]
1086 2117 1105 2139 V
1115 2121 1189 2139 tamen
1230 2117 1267 2140 Μ’
1277 2118 1304 2140 ad
1319 2118 1362 2141 alia
1417 2125 1451 2143 Π.
1462 2118 1499 2141 M’
1512 2119 1544 2142 dd

351 2157 416 2179 nobi·
424 2158 469 2179 due
479 2158 547 2179 volte.
605 2163 681 2186 12-13.
692 2157 705 2178 1
713 2157 780 2180 codd.
789 2163 802 2179 e
811 2157 850 2179 Me
857 2161 995 2185 representat
1051 2164 1058 2180 ι
1064 2164 1087 2187 3.
1102 2157 1138 2179 Μ2
1149 2164 1194 2186 per
1207 2165 1254 2187 quo
1267 2165 1335 2181 sensu
1348 2160 1423 2188 [egge
1432 2165 1544 2182 consensu

354 2204 390 2225 ¹4·
400 2196 436 2219 Μ2
448 2197 491 2219 mei
547 2197 623 2226 18-19.
637 2196 795 2219 Vanimanbus
851 2203 886 2226 19.
897 2198 954 2226 que]
964 2196 994 2219 ι’
1003 2196 1032 2220 L5
1043 2198 1080 2220 Me
1088 2198 1128 2227 qui
1182 2205 1218 2222 τι.
1233 2199 1329 2222 Venno·
1382 2205 1419 2230 ²3.
1430 2203 1456 2222 ut
1469 2199 1544 2229 quod]

350 2237 388 2259 Me
397 2241 467 2265 utque
521 2243 560 2264 ²4·
575 2235 613 2258 M²
628 2237 729 2259 mortalis
742 2241 817 2259 nome
877 2243 914 2265 ²5-
929 2236 989 2266 imo]
1003 2236 1040 2259 Μ’
1056 2244 1102 2260 uno
1143 2238 1161 2260 L
1170 2238 1209 2260 LS
1215 2237 1251 2260 Μ2
1262 2239 1282 2261 Ρ
1294 2239 1353 2261 sicut
1413 2245 1450 2268 ²7·
1471 2239 1490 2262 V
1498 2245 1544 2269 per

350 2276 423 2299 littere
440 2277 472 2299 da
487 2270 526 2299 Ιιῖε
540 2277 593 2304 (sic)
649 2276 686 2299 Μ2
699 2276 818 2305 osupupnli
831 2279 934 2299 cor-retro
948 2277 974 2299 in
987 2278 1121 2307 ostipulatur
1154 2277 1184 2300 L’
1199 2279 1271 2301 doctr.
1286 2282 1329 2302 ut.

386 2367 429 2402 (1)
448 2367 506 2400 Ion,
525 2367 586 2400 V11,
604 2375 628 2403 7.

387 2409 429 2444 (2)
448 2410 537 2438 Vane.
556 2410 621 2438 Aen.
640 2409 674 2443 X,
692 2409 810 2445 467-68.

1005 2369 1048 2404 (3)
1069 2368 1157 2396 Ovm.
1175 2369 1244 2397 Fusa
1263 2369 1310 2402 v1,
1329 2377 1446 2405 771-72;
1464 2379 1508 2398 ma
1522 2370 1542 2398 il

970 2416 1041 2438 testo
1059 2410 1104 2438 nel
1123 2413 1152 2438 2⁰
1170 2420 1195 2438 v.
1214 2411 1248 2438 da
1268 2421 1283 2437 α
1295 2411 1400 2448 fugiunt
1411 2422 1437 2440 n.

1573 908 1613 932 10

1575 1196 1612 1229 15

1572 1489 1615 1514 20

1570 1832 1612 1866 25
