<?xml version="1.0" encoding="UTF-8"?>
<!DOCTYPE html PUBLIC "-//W3C//DTD XHTML 1.0 Transitional//EN"
    "http://www.w3.org/TR/xhtml1/DTD/xhtml1-transitional.dtd">
<html xmlns="http://www.w3.org/1999/xhtml" xml:lang="en" lang="en">
 <head>
  <title>
</title>
<meta http-equiv="Content-Type" content="text/html;charset=utf-8" />
  <meta name='ocr-system' content='tesseract 3.04.00' />
  <meta name='ocr-capabilities' content='ocr_page ocr_carea ocr_par ocr_line ocrx_word'/>
</head>
<body>
  <div class='ocr_page' id='page_1' title='image "./epistolariodicol17saluuoft_0232.png"; bbox 0 0 1682 2762; ppageno 0'>
   <div class='ocr_carea' id='block_1_1' title="bbox 94 764 282 819">
    <p class='ocr_par' dir='ltr' id='par_1_1' title="bbox 94 764 282 819">
     <span class='ocr_line' id='line_1_1' title="bbox 143 764 236 789; baseline -0.011 -4"><span class='ocrx_word' id='word_1_1' title='bbox 143 764 236 789; x_wconf 76' lang='lat' dir='ltr'><strong>Fircnze,</strong></span> 
     </span>
     <span class='ocr_line' id='line_1_2' title="bbox 94 796 282 819; baseline -0.016 -6"><span class='ocrx_word' id='word_1_2' title='bbox 94 798 117 813; x_wconf 79' lang='lat'><strong>2¹</strong></span> <span class='ocrx_word' id='word_1_3' title='bbox 133 796 207 819; x_wconf 69' lang='lat' dir='ltr'><strong>agusto</strong></span> <span class='ocrx_word' id='word_1_4' title='bbox 225 797 232 811; x_wconf 82' lang='lat'>1</span> <span class='ocrx_word' id='word_1_5' title='bbox 237 796 282 817; x_wconf 78' lang='lat'>397.</span> 
     </span>
    </p>
   </div>
   <div class='ocr_carea' id='block_1_2' title="bbox 84 830 298 1125">
    <p class='ocr_par' dir='ltr' id='par_1_2' title="bbox 84 830 298 1125">
     <span class='ocr_line' id='line_1_3' title="bbox 112 830 296 858; baseline -0.016 -6"><span class='ocrx_word' id='word_1_6' title='bbox 112 832 138 852; x_wconf 83' lang='lat' dir='ltr'><strong>Se</strong></span> <span class='ocrx_word' id='word_1_7' title='bbox 148 831 168 851; x_wconf 81' lang='grc' dir='ltr'><strong>Ιι</strong></span> <span class='ocrx_word' id='word_1_8' title='bbox 178 830 296 858; x_wconf 73' lang='lat' dir='ltr'>precedente</span> 
     </span>
     <span class='ocr_line' id='line_1_4' title="bbox 84 856 296 885; baseline -0.019 -6"><span class='ocrx_word' id='word_1_9' title='bbox 84 858 172 885; x_wconf 68' lang='lat' dir='ltr'><strong>epistola</strong></span> <span class='ocrx_word' id='word_1_10' title='bbox 184 864 226 877; x_wconf 84' lang='lat' dir='ltr'><strong>non</strong></span> <span class='ocrx_word' id='word_1_11' title='bbox 240 856 296 876; x_wconf 75' lang='lat' dir='ltr'><strong>fosse</strong></span> 
     </span>
     <span class='ocr_line' id='line_1_5' title="bbox 85 883 296 911; baseline -0.019 -5"><span class='ocrx_word' id='word_1_12' title='bbox 85 886 167 906; x_wconf 67' lang='lat' dir='ltr'><strong>riuzein</strong></span> <span class='ocrx_word' id='word_1_13' title='bbox 173 889 247 911; x_wconf 81' lang='lat' dir='ltr'><strong>troppo</strong></span> <span class='ocrx_word' id='word_1_14' title='bbox 253 883 296 903; x_wconf 86' lang='lat' dir='ltr'><strong>lun-</strong></span> 
     </span>
     <span class='ocr_line' id='line_1_6' title="bbox 86 916 296 939; baseline -0.014 -7"><span class='ocrx_word' id='word_1_15' title='bbox 86 919 112 939; x_wconf 70' lang='grc' dir='ltr'><strong>μ</strong></span> <span class='ocrx_word' id='word_1_16' title='bbox 131 918 142 931; x_wconf 81' lang='lat' dir='ltr'><strong>e</strong></span> <span class='ocrx_word' id='word_1_17' title='bbox 163 917 205 931; x_wconf 82' lang='lat' dir='ltr'><strong>non</strong></span> <span class='ocrx_word' id='word_1_18' title='bbox 226 916 296 930; x_wconf 73' lang='lat' dir='ltr'><strong>nvesse</strong></span> 
     </span>
     <span class='ocr_line' id='line_1_7' title="bbox 86 937 298 966; baseline -0.014 -8"><span class='ocrx_word' id='word_1_19' title='bbox 86 943 159 966; x_wconf 83' lang='lat' dir='ltr'><strong>potuto</strong></span> <span class='ocrx_word' id='word_1_20' title='bbox 170 943 227 964; x_wconf 75' lang='lat' dir='ltr'><strong>pnrer</strong></span> <span class='ocrx_word' id='word_1_21' title='bbox 237 937 298 956; x_wconf 78' lang='lat' dir='ltr'><strong>disdi-</strong></span> 
     </span>
     <span class='ocr_line' id='line_1_8' title="bbox 85 963 298 986; baseline -0.019 0"><span class='ocrx_word' id='word_1_22' title='bbox 85 965 154 986; x_wconf 74' lang='lat' dir='ltr'><strong>cevole</strong></span> <span class='ocrx_word' id='word_1_23' title='bbox 169 964 184 983; x_wconf 87' lang='lat' dir='ltr'><strong>il</strong></span> <span class='ocrx_word' id='word_1_24' title='bbox 196 963 298 983; x_wconf 75' lang='lat' dir='ltr'><strong>mescolar</strong></span> 
     </span>
     <span class='ocr_line' id='line_1_9' title="bbox 85 990 297 1017; baseline -0.014 -5"><span class='ocrx_word' id='word_1_25' title='bbox 85 992 131 1012; x_wconf 66' lang='lat' dir='ltr'><strong>altri</strong></span> <span class='ocrx_word' id='word_1_26' title='bbox 153 990 268 1017; x_wconf 72' lang='lat' dir='ltr'><strong>argumenti</strong></span> <span class='ocrx_word' id='word_1_27' title='bbox 286 996 297 1009; x_wconf 79' lang='lat' dir='ltr'><strong>n</strong></span> 
     </span>
     <span class='ocr_line' id='line_1_10' title="bbox 86 1018 296 1045; baseline -0.014 -7"><span class='ocrx_word' id='word_1_28' title='bbox 86 1018 154 1045; x_wconf 79' lang='lat' dir='ltr'><strong>quello</strong></span> <span class='ocrx_word' id='word_1_29' title='bbox 165 1018 193 1037; x_wconf 74' lang='lat' dir='ltr'><strong>ivi</strong></span> <span class='ocrx_word' id='word_1_30' title='bbox 203 1021 296 1039; x_wconf 72' lang='lat' dir='ltr'><strong>trau-to,</strong></span> 
     </span>
     <span class='ocr_line' id='line_1_11' title="bbox 86 1043 297 1065; baseline -0.014 0"><span class='ocrx_word' id='word_1_31' title='bbox 86 1047 105 1065; x_wconf 80' lang='lat' dir='ltr'><strong>in</strong></span> <span class='ocrx_word' id='word_1_32' title='bbox 135 1051 180 1064; x_wconf 76' lang='lat' dir='ltr'><strong>essa</strong></span> <span class='ocrx_word' id='word_1_33' title='bbox 212 1043 297 1063; x_wconf 79' lang='lat' dir='ltr'><strong>nvrebbe</strong></span> 
     </span>
     <span class='ocr_line' id='line_1_12' title="bbox 86 1069 298 1097; baseline -0.009 -6"><span class='ocrx_word' id='word_1_34' title='bbox 86 1072 144 1091; x_wconf 84' lang='lat' dir='ltr'><strong>detto</strong></span> <span class='ocrx_word' id='word_1_35' title='bbox 176 1069 246 1097; x_wconf 64' lang='lat' dir='ltr'><strong>quaut&#39;</strong></span> <span class='ocrx_word' id='word_1_36' title='bbox 261 1076 298 1089; x_wconf 71' lang='lat' dir='ltr'><strong>ora</strong></span> 
     </span>
     <span class='ocr_line' id='line_1_13' title="bbox 87 1099 210 1125; baseline -0.016 -7"><span class='ocrx_word' id='word_1_37' title='bbox 87 1099 210 1125; x_wconf 77' lang='lat' dir='ltr'><strong>soggiunge.</strong></span> 
     </span>
    </p>
   </div>
   <div class='ocr_carea' id='block_1_3' title="bbox 91 1464 301 1514">
    <p class='ocr_par' dir='ltr' id='par_1_3' title="bbox 91 1464 301 1514">
     <span class='ocr_line' id='line_1_14' title="bbox 117 1464 301 1486; baseline -0.016 0"><span class='ocrx_word' id='word_1_38' title='bbox 117 1466 171 1486; x_wconf 80' lang='lat' dir='ltr'><strong>Ebbe</strong></span> <span class='ocrx_word' id='word_1_39' title='bbox 185 1465 210 1486; x_wconf 74' lang='lat' dir='ltr'><strong>d·</strong></span> <span class='ocrx_word' id='word_1_40' title='bbox 223 1464 252 1485; x_wconf 84' lang='lat' dir='ltr'><strong>lui</strong></span> <span class='ocrx_word' id='word_1_41' title='bbox 264 1470 301 1484; x_wconf 81' lang='lat' dir='ltr'><strong>no-</strong></span> 
     </span>
     <span class='ocr_line' id='line_1_15' title="bbox 91 1492 301 1514; baseline -0.014 0"><span class='ocrx_word' id='word_1_42' title='bbox 91 1494 139 1514; x_wconf 72' lang='lat' dir='ltr'><strong>tizin</strong></span> <span class='ocrx_word' id='word_1_43' title='bbox 148 1492 196 1512; x_wconf 79' lang='lat' dir='ltr'><strong>den·</strong></span> <span class='ocrx_word' id='word_1_44' title='bbox 202 1492 301 1512; x_wconf 71' lang='lat' dir='ltr'><strong>esisteuzn</strong></span> 
     </span>
    </p>
   </div>
   <div class='ocr_carea' id='block_1_4' title="bbox 90 1517 302 1571">
    <p class='ocr_par' dir='ltr' id='par_1_4' title="bbox 90 1517 302 1571">
     <span class='ocr_line' id='line_1_16' title="bbox 91 1517 302 1540; baseline -0.009 0"><span class='ocrx_word' id='word_1_45' title='bbox 91 1520 141 1540; x_wconf 79' lang='lat' dir='ltr'><strong>d&#39;un</strong></span> <span class='ocrx_word' id='word_1_46' title='bbox 148 1519 216 1540; x_wconf 79' lang='lat' dir='ltr'><strong>codice</strong></span> <span class='ocrx_word' id='word_1_47' title='bbox 224 1518 244 1538; x_wconf 82' lang='lat' dir='ltr'><strong>di</strong></span> <span class='ocrx_word' id='word_1_48' title='bbox 250 1517 302 1538; x_wconf 85' lang='lat' dir='ltr'><strong>Tito</strong></span> 
     </span>
     <span class='ocr_line' id='line_1_17' title="bbox 90 1547 158 1571; baseline 0.015 -5"><span class='ocrx_word' id='word_1_49' title='bbox 90 1547 158 1571; x_wconf 77' lang='lat' dir='ltr'><strong>Livio,</strong></span> 
     </span>
    </p>
   </div>
   <div class='ocr_carea' id='block_1_5' title="bbox 322 257 1086 290">
    <p class='ocr_par' dir='ltr' id='par_1_5' title="bbox 322 257 1086 290">
     <span class='ocr_line' id='line_1_18' title="bbox 322 257 1086 290; baseline -0.003 0"><span class='ocrx_word' id='word_1_50' title='bbox 322 257 386 290; x_wconf 88' lang='lat'><strong>218</strong></span> <span class='ocrx_word' id='word_1_51' title='bbox 743 260 1086 289; x_wconf 81' lang='lat' dir='ltr'>EPISTOLARIO</span> 
     </span>
    </p>
   </div>
   <div class='ocr_carea' id='block_1_6' title="bbox 793 457 1048 566">
    <p class='ocr_par' dir='ltr' id='par_1_6' title="bbox 793 457 1048 566">
     <span class='ocr_line' id='line_1_19' title="bbox 870 457 957 490; baseline 0 0"><span class='ocrx_word' id='word_1_52' title='bbox 870 457 900 490; x_wconf 88' lang='lat' dir='ltr'><strong>V</strong></span> <span class='ocrx_word' id='word_1_53' title='bbox 913 457 957 490; x_wconf 83' lang='lat'><strong>(¹).</strong></span> 
     </span>
     <span class='ocr_line' id='line_1_20' title="bbox 793 533 1048 566; baseline 0.004 -1"><span class='ocrx_word' id='word_1_54' title='bbox 793 533 842 565; x_wconf 86' lang='lat' dir='ltr'><strong>AL</strong></span> <span class='ocrx_word' id='word_1_55' title='bbox 867 542 1048 566; x_wconf 72' lang='lat' dir='ltr'><strong>Mizmzsmo.</strong></span> 
     </span>
    </p>
   </div>
   <div class='ocr_carea' id='block_1_7' title="bbox 363 615 1480 704">
    <p class='ocr_par' dir='ltr' id='par_1_7' title="bbox 363 615 1480 704">
     <span class='ocr_line' id='line_1_21' title="bbox 363 615 1480 652; baseline 0 -8"><span class='ocrx_word' id='word_1_56' title='bbox 363 617 418 652; x_wconf 87' lang='lat' dir='ltr'>[L¹,</span> <span class='ocrx_word' id='word_1_57' title='bbox 438 626 461 644; x_wconf 84' lang='lat' dir='ltr'><strong>c.</strong></span> <span class='ocrx_word' id='word_1_58' title='bbox 481 624 570 651; x_wconf 83' lang='lat'>1371³;</span> <span class='ocrx_word' id='word_1_59' title='bbox 588 616 633 648; x_wconf 65' lang='lat' dir='ltr'><strong>R‘,</strong></span> <span class='ocrx_word' id='word_1_60' title='bbox 653 624 675 642; x_wconf 93' lang='lat' dir='ltr'><strong>c.</strong></span> <span class='ocrx_word' id='word_1_61' title='bbox 696 615 762 649; x_wconf 79' lang='lat'>2813,</span> <span class='ocrx_word' id='word_1_62' title='bbox 778 616 885 649; x_wconf 89' lang='lat' dir='ltr'><strong>mutila;</strong></span> <span class='ocrx_word' id='word_1_63' title='bbox 905 616 1017 648; x_wconf 50' lang='lat' dir='ltr'><strong>nsum,</strong></span> <span class='ocrx_word' id='word_1_64' title='bbox 1037 616 1172 652; x_wconf 80' lang='lat' dir='ltr'><strong>opuscula,</strong></span> <span class='ocrx_word' id='word_1_65' title='bbox 1192 616 1212 650; x_wconf 91' lang='lat'><strong>1,</strong></span> <span class='ocrx_word' id='word_1_66' title='bbox 1234 624 1364 652; x_wconf 84' lang='lat' dir='ltr'><strong>303-3o5‚</strong></span> <span class='ocrx_word' id='word_1_67' title='bbox 1381 616 1416 644; x_wconf 80' lang='lat' dir='ltr'><strong>da</strong></span> <span class='ocrx_word' id='word_1_68' title='bbox 1435 616 1480 650; x_wconf 82' lang='lat'>1.¹,</span> 
     </span>
     <span class='ocr_line' id='line_1_22' title="bbox 707 669 1132 704; baseline 0.002 -9"><span class='ocrx_word' id='word_1_69' title='bbox 707 678 752 696; x_wconf 86' lang='lat' dir='ltr'><strong>ma</strong></span> <span class='ocrx_word' id='word_1_70' title='bbox 770 669 1065 696; x_wconf 82' lang='lat' dir='ltr'><strong>frammentariamente</strong></span> <span class='ocrx_word' id='word_1_71' title='bbox 1077 669 1132 704; x_wconf 82' lang='lat'>(²).]</span> 
     </span>
    </p>
   </div>
   <div class='ocr_carea' id='block_1_8' title="bbox 854 751 979 786">
    <p class='ocr_par' dir='ltr' id='par_1_8' title="bbox 854 751 979 786">
     <span class='ocr_line' id='line_1_23' title="bbox 854 751 979 786; baseline 0 -1"><span class='ocrx_word' id='word_1_72' title='bbox 854 751 979 786; x_wconf 86' lang='lat' dir='ltr'><strong>Eidem.</strong></span> 
     </span>
    </p>
   </div>
   <div class='ocr_carea' id='block_1_9' title="bbox 325 823 1522 1333">
    <p class='ocr_par' dir='ltr' id='par_1_9' title="bbox 325 823 1522 1333">
     <span class='ocr_line' id='line_1_24' title="bbox 381 823 1518 868; baseline 0.001 -12"><span class='ocrx_word' id='word_1_73' title='bbox 381 834 611 864; x_wconf 79' lang='lat' dir='ltr'>UBIUNXISSEM,</span> <span class='ocrx_word' id='word_1_74' title='bbox 627 823 834 856; x_wconf 88' lang='lat' dir='ltr'><strong>illustrissime</strong></span> <span class='ocrx_word' id='word_1_75' title='bbox 846 823 994 868; x_wconf 91' lang='lat' dir='ltr'><strong>princeps</strong></span> <span class='ocrx_word' id='word_1_76' title='bbox 1010 831 1041 856; x_wconf 90' lang='lat' dir='ltr'><strong>et</strong></span> <span class='ocrx_word' id='word_1_77' title='bbox 1057 823 1180 857; x_wconf 87' lang='lat' dir='ltr'><strong>excelse</strong></span> <span class='ocrx_word' id='word_1_78' title='bbox 1195 823 1337 865; x_wconf 90' lang='lat' dir='ltr'><strong>domine,</strong></span> <span class='ocrx_word' id='word_1_79' title='bbox 1352 835 1415 868; x_wconf 90' lang='lat' dir='ltr'><strong>que</strong></span> <span class='ocrx_word' id='word_1_80' title='bbox 1432 835 1518 858; x_wconf 88' lang='lat' dir='ltr'><strong>nunc</strong></span> 
     </span>
     <span class='ocr_line' id='line_1_25' title="bbox 327 831 1518 926; baseline 0.001 -11"><span class='ocrx_word' id='word_1_81' title='bbox 327 831 548 925; x_wconf 76' lang='lat' dir='ltr'><strong>Sattingam</strong></span> <span class='ocrx_word' id='word_1_82' title='bbox 572 881 705 926; x_wconf 87' lang='lat' dir='ltr'><strong>epistole</strong></span> <span class='ocrx_word' id='word_1_83' title='bbox 729 881 880 926; x_wconf 88' lang='lat' dir='ltr'><strong>longiori,</strong></span> <span class='ocrx_word' id='word_1_84' title='bbox 903 893 1000 925; x_wconf 89' lang='lat' dir='ltr'><strong>quam</strong></span> <span class='ocrx_word' id='word_1_85' title='bbox 1024 893 1098 915; x_wconf 92' lang='lat' dir='ltr'><strong>cum</strong></span> <span class='ocrx_word' id='word_1_86' title='bbox 1117 881 1315 925; x_wconf 89' lang='lat' dir='ltr'><strong>presentibus</strong></span> <span class='ocrx_word' id='word_1_87' title='bbox 1333 891 1518 926; x_wconf 86' lang='lat' dir='ltr'><strong>accepturus</strong></span> 
     </span>
     <span class='ocr_line' id='line_1_26' title="bbox 325 938 1520 984; baseline -0.001 -10"><span class='ocrx_word' id='word_1_88' title='bbox 325 952 372 981; x_wconf 89' lang='lat' dir='ltr'><strong>es;</strong></span> <span class='ocrx_word' id='word_1_89' title='bbox 392 939 448 973; x_wconf 90' lang='lat' dir='ltr'><strong>sed</strong></span> <span class='ocrx_word' id='word_1_90' title='bbox 472 939 676 973; x_wconf 88' lang='lat' dir='ltr'><strong>commodius</strong></span> <span class='ocrx_word' id='word_1_91' title='bbox 700 939 806 973; x_wconf 89' lang='lat' dir='ltr'><strong>visum</strong></span> <span class='ocrx_word' id='word_1_92' title='bbox 830 938 888 972; x_wconf 86' lang='lat' dir='ltr'><strong>fuit</strong></span> <span class='ocrx_word' id='word_1_93' title='bbox 906 939 966 972; x_wconf 86' lang='lat' dir='ltr'><strong>ista</strong></span> <span class='ocrx_word' id='word_1_94' title='bbox 986 939 1137 980; x_wconf 87' lang='lat' dir='ltr'><strong>dividere,</strong></span> <span class='ocrx_word' id='word_1_95' title='bbox 1156 951 1197 973; x_wconf 92' lang='lat' dir='ltr'><strong>ne</strong></span> <span class='ocrx_word' id='word_1_96' title='bbox 1217 950 1335 984; x_wconf 88' lang='lat' dir='ltr'><strong>magna</strong></span> <span class='ocrx_word' id='word_1_97' title='bbox 1346 940 1421 974; x_wconf 81' lang='lat' dir='ltr'><strong>satis</strong></span> <span class='ocrx_word' id='word_1_98' title='bbox 1445 940 1520 973; x_wconf 84' lang='lat' dir='ltr'><strong>scri-</strong></span> 
     </span>
     <span class='ocr_line' id='line_1_27' title="bbox 325 989 1519 1041; baseline 0 -11"><span class='ocrx_word' id='word_1_99' title='bbox 325 998 442 1041; x_wconf 89' lang='lat' dir='ltr'><strong>ptionis</strong></span> <span class='ocrx_word' id='word_1_100' title='bbox 462 997 557 1030; x_wconf 89' lang='lat' dir='ltr'><strong>series</strong></span> <span class='ocrx_word' id='word_1_101' title='bbox 577 997 672 1030; x_wconf 91' lang='lat' dir='ltr'><strong>nimis</strong></span> <span class='ocrx_word' id='word_1_102' title='bbox 693 996 895 1040; x_wconf 85' lang='lat' dir='ltr'><strong>epistolarem</strong></span> <span class='ocrx_word' id='word_1_103' title='bbox 914 996 1050 1030; x_wconf 85' lang='lat' dir='ltr'><strong>modum</strong></span> <span class='ocrx_word' id='word_1_104' title='bbox 1069 989 1235 1030; x_wconf 82' lang='lat' dir='ltr'><strong>excederet</strong></span> <span class='ocrx_word' id='word_1_105' title='bbox 1258 1007 1289 1031; x_wconf 89' lang='lat' dir='ltr'><strong>et</strong></span> <span class='ocrx_word' id='word_1_106' title='bbox 1311 997 1432 1041; x_wconf 87' lang='lat' dir='ltr'><strong>privata</strong></span> <span class='ocrx_word' id='word_1_107' title='bbox 1451 1008 1519 1030; x_wconf 89' lang='lat' dir='ltr'><strong>ma-</strong></span> 
     </span>
     <span class='ocr_line' id='line_1_28' title="bbox 325 1054 1520 1099; baseline 0 -11"><span class='ocrx_word' id='word_1_108' title='bbox 325 1056 402 1088; x_wconf 82' lang='lat' dir='ltr'><strong>teria</strong></span> <span class='ocrx_word' id='word_1_109' title='bbox 431 1054 556 1099; x_wconf 88' lang='lat' dir='ltr'><strong>publica</strong></span> <span class='ocrx_word' id='word_1_110' title='bbox 587 1066 650 1099; x_wconf 91' lang='lat' dir='ltr'><strong>que</strong></span> <span class='ocrx_word' id='word_1_111' title='bbox 684 1054 849 1098; x_wconf 87' lang='lat' dir='ltr'><strong>tetigimus</strong></span> <span class='ocrx_word' id='word_1_112' title='bbox 882 1064 1037 1088; x_wconf 89' lang='lat' dir='ltr'><strong>oneraret.</strong></span> <span class='ocrx_word' id='word_1_113' title='bbox 1096 1056 1238 1088; x_wconf 90' lang='lat' dir='ltr'><strong>continet</strong></span> <span class='ocrx_word' id='word_1_114' title='bbox 1269 1055 1322 1088; x_wconf 91' lang='lat' dir='ltr'><strong>illa</strong></span> <span class='ocrx_word' id='word_1_115' title='bbox 1353 1055 1520 1088; x_wconf 85' lang='lat' dir='ltr'><strong>materiam</strong></span> 
     </span>
     <span class='ocr_line' id='line_1_29' title="bbox 325 1114 1522 1159; baseline 0 -11"><span class='ocrx_word' id='word_1_116' title='bbox 325 1126 428 1154; x_wconf 87' lang='lat' dir='ltr'><strong>suam,</strong></span> <span class='ocrx_word' id='word_1_117' title='bbox 453 1114 625 1147; x_wconf 87' lang='lat' dir='ltr'><strong>exhortans</strong></span> <span class='ocrx_word' id='word_1_118' title='bbox 649 1114 806 1147; x_wconf 83' lang='lat' dir='ltr'><strong>scismatis</strong></span> <span class='ocrx_word' id='word_1_119' title='bbox 831 1114 997 1155; x_wconf 84' lang='lat' dir='ltr'><strong>unionem,</strong></span> <span class='ocrx_word' id='word_1_120' title='bbox 1020 1125 1082 1158; x_wconf 90' lang='lat' dir='ltr'><strong>que</strong></span> <span class='ocrx_word' id='word_1_121' title='bbox 1110 1125 1159 1148; x_wconf 90' lang='lat' dir='ltr'><strong>res</strong></span> <span class='ocrx_word' id='word_1_122' title='bbox 1189 1114 1260 1148; x_wconf 86' lang='lat' dir='ltr'><strong>talis</strong></span> <span class='ocrx_word' id='word_1_123' title='bbox 1283 1124 1341 1155; x_wconf 85' lang='lat' dir='ltr'><strong>est,</strong></span> <span class='ocrx_word' id='word_1_124' title='bbox 1365 1114 1454 1159; x_wconf 91' lang='lat' dir='ltr'><strong>quod</strong></span> <span class='ocrx_word' id='word_1_125' title='bbox 1477 1114 1522 1148; x_wconf 88' lang='lat' dir='ltr'><strong>di-</strong></span> 
     </span>
     <span class='ocr_line' id='line_1_30' title="bbox 326 1171 1522 1216; baseline 0.001 -11"><span class='ocrx_word' id='word_1_126' title='bbox 326 1174 446 1216; x_wconf 79' lang='lat' dir='ltr'><strong>gnitate</strong></span> <span class='ocrx_word' id='word_1_127' title='bbox 466 1172 515 1204; x_wconf 90' lang='lat' dir='ltr'><strong>sui</strong></span> <span class='ocrx_word' id='word_1_128' title='bbox 539 1171 661 1204; x_wconf 83' lang='lat' dir='ltr'><strong>nullam</strong></span> <span class='ocrx_word' id='word_1_129' title='bbox 683 1171 814 1215; x_wconf 87' lang='lat' dir='ltr'><strong>recipiat</strong></span> <span class='ocrx_word' id='word_1_130' title='bbox 832 1172 1028 1205; x_wconf 85' lang='lat' dir='ltr'><strong>societatem.</strong></span> <span class='ocrx_word' id='word_1_131' title='bbox 1076 1183 1152 1205; x_wconf 87' lang='lat' dir='ltr'><strong>nam</strong></span> <span class='ocrx_word' id='word_1_132' title='bbox 1167 1181 1200 1205; x_wconf 89' lang='lat' dir='ltr'><strong>et</strong></span> <span class='ocrx_word' id='word_1_133' title='bbox 1216 1184 1397 1216; x_wconf 84' lang='lat' dir='ltr'><strong>congruum</strong></span> <span class='ocrx_word' id='word_1_134' title='bbox 1416 1174 1522 1206; x_wconf 87' lang='lat' dir='ltr'><strong>visum</strong></span> 
     </span>
     <span class='ocr_line' id='line_1_31' title="bbox 326 1228 1522 1274; baseline 0 -11"><span class='ocrx_word' id='word_1_135' title='bbox 326 1239 385 1270; x_wconf 92' lang='lat' dir='ltr'><strong>est,</strong></span> <span class='ocrx_word' id='word_1_136' title='bbox 403 1229 492 1274; x_wconf 90' lang='lat' dir='ltr'><strong>quod</strong></span> <span class='ocrx_word' id='word_1_137' title='bbox 510 1229 562 1262; x_wconf 90' lang='lat' dir='ltr'><strong>illa</strong></span> <span class='ocrx_word' id='word_1_138' title='bbox 581 1229 681 1273; x_wconf 91' lang='lat' dir='ltr'><strong>possit</strong></span> <span class='ocrx_word' id='word_1_139' title='bbox 701 1240 755 1273; x_wconf 91' lang='lat' dir='ltr'><strong>per</strong></span> <span class='ocrx_word' id='word_1_140' title='bbox 773 1241 806 1262; x_wconf 91' lang='lat' dir='ltr'><strong>se</strong></span> <span class='ocrx_word' id='word_1_141' title='bbox 825 1228 924 1273; x_wconf 92' lang='lat' dir='ltr'><strong>loqui,</strong></span> <span class='ocrx_word' id='word_1_142' title='bbox 938 1241 1000 1274; x_wconf 91' lang='lat' dir='ltr'><strong>que</strong></span> <span class='ocrx_word' id='word_1_143' title='bbox 1019 1228 1128 1263; x_wconf 88' lang='lat' dir='ltr'><strong>forsan</strong></span> <span class='ocrx_word' id='word_1_144' title='bbox 1151 1229 1278 1263; x_wconf 88' lang='lat' dir='ltr'><strong>habebit</strong></span> <span class='ocrx_word' id='word_1_145' title='bbox 1296 1232 1329 1263; x_wconf 89' lang='lat' dir='ltr'><strong>in</strong></span> <span class='ocrx_word' id='word_1_146' title='bbox 1349 1238 1522 1274; x_wconf 86' lang='lat' dir='ltr'><strong>conspectu</strong></span> 
     </span>
     <span class='ocr_line' id='line_1_32' title="bbox 327 1286 1522 1333; baseline 0.001 -12"><span class='ocrx_word' id='word_1_147' title='bbox 327 1288 466 1332; x_wconf 91' lang='lat' dir='ltr'><strong>plurium</strong></span> <span class='ocrx_word' id='word_1_148' title='bbox 485 1287 640 1320; x_wconf 87' lang='lat' dir='ltr'><strong>ventilari.</strong></span> <span class='ocrx_word' id='word_1_149' title='bbox 687 1299 773 1320; x_wconf 90' lang='lat' dir='ltr'><strong>nunc</strong></span> <span class='ocrx_word' id='word_1_150' title='bbox 793 1296 900 1320; x_wconf 90' lang='lat' dir='ltr'><strong>autem</strong></span> <span class='ocrx_word' id='word_1_151' title='bbox 918 1296 1024 1321; x_wconf 83' lang='lat' dir='ltr'><strong>tecum</strong></span> <span class='ocrx_word' id='word_1_152' title='bbox 1040 1286 1080 1320; x_wconf 92' lang='lat' dir='ltr'><strong>de</strong></span> <span class='ocrx_word' id='word_1_153' title='bbox 1091 1288 1220 1332; x_wconf 87' lang='lat' dir='ltr'><strong>privatis</strong></span> <span class='ocrx_word' id='word_1_154' title='bbox 1237 1299 1342 1332; x_wconf 88' lang='lat' dir='ltr'><strong>agam,</strong></span> <span class='ocrx_word' id='word_1_155' title='bbox 1358 1289 1392 1321; x_wconf 92' lang='lat' dir='ltr'><strong>in</strong></span> <span class='ocrx_word' id='word_1_156' title='bbox 1407 1287 1522 1333; x_wconf 88' lang='lat' dir='ltr'><strong>quibus</strong></span> 
     </span>
    </p>
   </div>
   <div class='ocr_carea' id='block_1_10' title="bbox 327 1344 1522 1390">
    <p class='ocr_par' dir='ltr' id='par_1_10' title="bbox 327 1344 1522 1390">
     <span class='ocr_line' id='line_1_33' title="bbox 327 1344 1522 1390; baseline 0.002 -12"><span class='ocrx_word' id='word_1_157' title='bbox 327 1346 353 1378; x_wconf 88' lang='lat' dir='ltr'><strong>si</strong></span> <span class='ocrx_word' id='word_1_158' title='bbox 376 1346 511 1390; x_wconf 88' lang='lat' dir='ltr'><strong>gratiam</strong></span> <span class='ocrx_word' id='word_1_159' title='bbox 533 1346 700 1385; x_wconf 87' lang='lat' dir='ltr'><strong>invenero,</strong></span> <span class='ocrx_word' id='word_1_160' title='bbox 718 1345 799 1379; x_wconf 89' lang='lat' dir='ltr'><strong>sicut</strong></span> <span class='ocrx_word' id='word_1_161' title='bbox 814 1344 956 1386; x_wconf 87' lang='lat' dir='ltr'><strong>arbitror,</strong></span> <span class='ocrx_word' id='word_1_162' title='bbox 969 1346 1003 1379; x_wconf 87' lang='lat' dir='ltr'><strong>in</strong></span> <span class='ocrx_word' id='word_1_163' title='bbox 1020 1345 1119 1379; x_wconf 92' lang='lat' dir='ltr'><strong>oculis</strong></span> <span class='ocrx_word' id='word_1_164' title='bbox 1138 1346 1243 1379; x_wconf 63' lang='lat' dir='ltr'><strong>miso)</strong></span> <span class='ocrx_word' id='word_1_165' title='bbox 1262 1354 1294 1379; x_wconf 92' lang='lat' dir='ltr'><strong>et</strong></span> <span class='ocrx_word' id='word_1_166' title='bbox 1313 1345 1368 1379; x_wconf 90' lang='lat' dir='ltr'><strong>tibi</strong></span> <span class='ocrx_word' id='word_1_167' title='bbox 1384 1357 1459 1380; x_wconf 90' lang='lat' dir='ltr'><strong>vera</strong></span> <span class='ocrx_word' id='word_1_168' title='bbox 1475 1358 1522 1380; x_wconf 85' lang='lat' dir='ltr'><strong>re—</strong></span> 
     </span>
    </p>
   </div>
   <div class='ocr_carea' id='block_1_11' title="bbox 329 1402 1525 1565">
    <p class='ocr_par' dir='ltr' id='par_1_11' title="bbox 329 1402 1525 1565">
     <span class='ocr_line' id='line_1_34' title="bbox 329 1402 1147 1447; baseline 0 -10"><span class='ocrx_word' id='word_1_169' title='bbox 329 1404 390 1437; x_wconf 86' lang='lat' dir='ltr'><strong>lata</strong></span> <span class='ocrx_word' id='word_1_170' title='bbox 414 1404 487 1444; x_wconf 87' lang='lat' dir='ltr'><strong>sint,</strong></span> <span class='ocrx_word' id='word_1_171' title='bbox 511 1403 661 1437; x_wconf 86' lang='lat' dir='ltr'><strong>facillime</strong></span> <span class='ocrx_word' id='word_1_172' title='bbox 680 1412 770 1447; x_wconf 90' lang='lat' dir='ltr'><strong>potes</strong></span> <span class='ocrx_word' id='word_1_173' title='bbox 791 1402 914 1436; x_wconf 90' lang='lat' dir='ltr'><strong>efficere</strong></span> <span class='ocrx_word' id='word_1_174' title='bbox 933 1415 986 1437; x_wconf 89' lang='lat' dir='ltr'><strong>me</strong></span> <span class='ocrx_word' id='word_1_175' title='bbox 1010 1402 1147 1437; x_wconf 86' lang='lat' dir='ltr'><strong>felicem.</strong></span> 
     </span>
     <span class='ocr_line' id='line_1_35' title="bbox 395 1461 1524 1507; baseline 0.001 -12"><span class='ocrx_word' id='word_1_176' title='bbox 395 1462 552 1506; x_wconf 91' lang='lat' dir='ltr'><strong>Scripsisti</strong></span> <span class='ocrx_word' id='word_1_177' title='bbox 576 1461 742 1506; x_wconf 89' lang='lat' dir='ltr'><strong>quondam</strong></span> <span class='ocrx_word' id='word_1_178' title='bbox 761 1471 791 1495; x_wconf 92' lang='lat' dir='ltr'><strong>te</strong></span> <span class='ocrx_word' id='word_1_179' title='bbox 812 1461 948 1495; x_wconf 89' lang='lat' dir='ltr'><strong>Titum</strong></span> <span class='ocrx_word' id='word_1_180' title='bbox 973 1462 1160 1503; x_wconf 86' lang='lat' dir='ltr'><strong>Livium,</strong></span> <span class='ocrx_word' id='word_1_181' title='bbox 1177 1462 1292 1496; x_wconf 88' lang='lat' dir='ltr'><strong>librum</strong></span> <span class='ocrx_word' id='word_1_182' title='bbox 1304 1461 1435 1507; x_wconf 88' lang='lat' dir='ltr'><strong>quidem</strong></span> <span class='ocrx_word' id='word_1_183' title='bbox 1453 1474 1524 1507; x_wconf 88' lang='lat' dir='ltr'><strong>per-</strong></span> 
     </span>
     <span class='ocr_line' id='line_1_36' title="bbox 329 1519 1525 1565; baseline 0.001 -12"><span class='ocrx_word' id='word_1_184' title='bbox 329 1521 520 1560; x_wconf 88' lang='lat' dir='ltr'><strong>maximum,</strong></span> <span class='ocrx_word' id='word_1_185' title='bbox 544 1520 714 1564; x_wconf 83' lang='lat' dir='ltr'><strong>reperisse3</strong></span> <span class='ocrx_word' id='word_1_186' title='bbox 738 1531 797 1553; x_wconf 87' lang='lat' dir='ltr'><strong>nec</strong></span> <span class='ocrx_word' id='word_1_187' title='bbox 822 1528 992 1554; x_wconf 89' lang='lat' dir='ltr'><strong>contentus</strong></span> <span class='ocrx_word' id='word_1_188' title='bbox 1013 1519 1046 1554; x_wconf 91' lang='lat' dir='ltr'><strong>id</strong></span> <span class='ocrx_word' id='word_1_189' title='bbox 1064 1519 1211 1562; x_wconf 87' lang='lat' dir='ltr'><strong>scribere,</strong></span> <span class='ocrx_word' id='word_1_190' title='bbox 1225 1521 1387 1554; x_wconf 87' lang='lat' dir='ltr'><strong>subiecisti</strong></span> <span class='ocrx_word' id='word_1_191' title='bbox 1405 1530 1437 1554; x_wconf 91' lang='lat' dir='ltr'><strong>te</strong></span> <span class='ocrx_word' id='word_1_192' title='bbox 1450 1531 1525 1565; x_wconf 92' lang='lat' dir='ltr'><strong>pro-</strong></span> 
     </span>
    </p>
   </div>
   <div class='ocr_carea' id='block_1_12' title="bbox 386 1650 1524 1682">
    <p class='ocr_par' dir='ltr' id='par_1_12' title="bbox 386 1650 1524 1682">
     <span class='ocr_line' id='line_1_37' title="bbox 386 1650 1524 1682; baseline 0 -7"><span class='ocrx_word' id='word_1_193' title='bbox 386 1660 407 1681; x_wconf 89' lang='lat'><strong>5.</strong></span> <span class='ocrx_word' id='word_1_194' title='bbox 423 1652 476 1675; x_wconf 66' lang='lat' dir='ltr'><strong>Cos»</strong></span> <span class='ocrx_word' id='word_1_195' title='bbox 490 1651 520 1674; x_wconf 83' lang='lat' dir='ltr'><strong>L¹</strong></span> <span class='ocrx_word' id='word_1_196' title='bbox 527 1660 535 1679; x_wconf 89' lang='lat'><strong>,·</strong></span> <span class='ocrx_word' id='word_1_197' title='bbox 552 1650 582 1674; x_wconf 80' lang='lat' dir='ltr'><strong>R¹</strong></span> <span class='ocrx_word' id='word_1_198' title='bbox 599 1651 679 1674; x_wconf 88' lang='lat' dir='ltr'><strong>lodoto</strong></span> <span class='ocrx_word' id='word_1_199' title='bbox 695 1651 816 1674; x_wconf 78' lang='lat' dir='ltr'><strong>marchioni</strong></span> <span class='ocrx_word' id='word_1_200' title='bbox 827 1651 1122 1680; x_wconf 70' lang='lat' dir='ltr'><strong>Brandeburgensidomino</strong></span> <span class='ocrx_word' id='word_1_201' title='bbox 1131 1651 1300 1682; x_wconf 77' lang='lat' dir='ltr'><strong>marchionique</strong></span> <span class='ocrx_word' id='word_1_202' title='bbox 1309 1652 1410 1675; x_wconf 73' lang='lat' dir='ltr'><strong>Mon-avie</strong></span> <span class='ocrx_word' id='word_1_203' title='bbox 1461 1658 1484 1681; x_wconf 86' lang='lat'><strong>7.</strong></span> <span class='ocrx_word' id='word_1_204' title='bbox 1493 1651 1524 1675; x_wconf 63' lang='lat'><strong>12¹</strong></span> 
     </span>
    </p>
   </div>
   <div class='ocr_carea' id='block_1_13' title="bbox 330 1692 908 1763">
    <p class='ocr_par' dir='ltr' id='par_1_13' title="bbox 330 1692 908 1763">
     <span class='ocr_line' id='line_1_38' title="bbox 330 1692 454 1720; baseline -0.008 -5"><span class='ocrx_word' id='word_1_205' title='bbox 330 1692 454 1720; x_wconf 78' lang='lat' dir='ltr'><strong>attinguam</strong></span> 
     </span>
     <span class='ocr_line' id='line_1_39' title="bbox 333 1733 908 1763; baseline -0.002 -7"><span class='ocrx_word' id='word_1_206' title='bbox 333 1739 369 1762; x_wconf 84' lang='lat'><strong>17.</strong></span> <span class='ocrx_word' id='word_1_207' title='bbox 384 1734 432 1763; x_wconf 79' lang='lat' dir='ltr'><strong>Qui</strong></span> <span class='ocrx_word' id='word_1_208' title='bbox 443 1733 584 1756; x_wconf 80' lang='lat' dir='ltr'><strong>incomincia</strong></span> <span class='ocrx_word' id='word_1_209' title='bbox 599 1733 618 1755; x_wconf 78' lang='lat' dir='ltr'><strong>il</strong></span> <span class='ocrx_word' id='word_1_210' title='bbox 630 1733 704 1756; x_wconf 75' lang='lat' dir='ltr'><strong>brana</strong></span> <span class='ocrx_word' id='word_1_211' title='bbox 718 1733 816 1762; x_wconf 63' lang='lat' dir='ltr'><strong>rfferito</strong></span> <span class='ocrx_word' id='word_1_212' title='bbox 829 1733 861 1755; x_wconf 80' lang='lat' dir='ltr'><strong>da</strong></span> <span class='ocrx_word' id='word_1_213' title='bbox 878 1733 908 1756; x_wconf 80' lang='lat' dir='ltr'><strong>H.</strong></span> 
     </span>
    </p>
   </div>
   <div class='ocr_carea' id='block_1_14' title="bbox 331 1831 909 2455">
    <p class='ocr_par' dir='ltr' id='par_1_14' title="bbox 331 1831 909 2455">
     <span class='ocr_line' id='line_1_40' title="bbox 367 1831 908 1872; baseline 0 -8"><span class='ocrx_word' id='word_1_214' title='bbox 367 1837 409 1871; x_wconf 95' lang='lat'><strong>(1)</strong></span> <span class='ocrx_word' id='word_1_215' title='bbox 419 1831 440 1863; x_wconf 82' lang='lat' dir='ltr'>E</span> <span class='ocrx_word' id='word_1_216' title='bbox 451 1842 544 1872; x_wconf 87' lang='lat' dir='ltr'><strong>questa</strong></span> <span class='ocrx_word' id='word_1_217' title='bbox 551 1845 607 1864; x_wconf 90' lang='lat' dir='ltr'><strong>non</strong></span> <span class='ocrx_word' id='word_1_218' title='bbox 615 1837 667 1871; x_wconf 68' lang='lat' dir='ltr'><strong>gia,</strong></span> <span class='ocrx_word' id='word_1_219' title='bbox 675 1845 754 1863; x_wconf 87' lang='lat' dir='ltr'><strong>come</strong></span> <span class='ocrx_word' id='word_1_220' title='bbox 761 1837 783 1863; x_wconf 88' lang='lat' dir='ltr'><strong>si</strong></span> <span class='ocrx_word' id='word_1_221' title='bbox 794 1837 908 1872; x_wconf 78' lang='lat' dir='ltr'><strong>piaeque</strong></span> 
     </span>
     <span class='ocr_line' id='line_1_41' title="bbox 332 1878 907 1911; baseline 0.002 -6"><span class='ocrx_word' id='word_1_222' title='bbox 332 1879 452 1905; x_wconf 87' lang='lat' dir='ltr'><strong>definirla</strong></span> <span class='ocrx_word' id='word_1_223' title='bbox 469 1879 502 1905; x_wconf 87' lang='lat' dir='ltr'><strong>A.</strong></span> <span class='ocrx_word' id='word_1_224' title='bbox 519 1879 639 1911; x_wconf 68' lang='lat' dir='ltr'><strong>Hortus,</strong></span> <span class='ocrx_word' id='word_1_225' title='bbox 654 1879 734 1906; x_wconf 80' lang='lat' dir='ltr'><strong>Cenni</strong></span> <span class='ocrx_word' id='word_1_226' title='bbox 749 1878 775 1905; x_wconf 79' lang='lat' dir='ltr'><strong>di</strong></span> <span class='ocrx_word' id='word_1_227' title='bbox 794 1879 827 1906; x_wconf 90' lang='lat' dir='ltr'><strong>G.</strong></span> <span class='ocrx_word' id='word_1_228' title='bbox 846 1879 907 1906; x_wconf 81' lang='lat' dir='ltr'><strong>Boc-</strong></span> 
     </span>
     <span class='ocr_line' id='line_1_42' title="bbox 332 1920 907 1957; baseline 0 -9"><span class='ocrx_word' id='word_1_229' title='bbox 332 1923 400 1949; x_wconf 74' lang='lat' dir='ltr'><strong>cacci</strong></span> <span class='ocrx_word' id='word_1_230' title='bbox 411 1923 512 1948; x_wconf 80' lang='lat' dir='ltr'><strong>intorno</strong></span> <span class='ocrx_word' id='word_1_231' title='bbox 527 1920 543 1948; x_wconf 73' lang='lat' dir='ltr'><strong>a</strong></span> <span class='ocrx_word' id='word_1_232' title='bbox 561 1922 591 1949; x_wconf 92' lang='lat' dir='ltr'><strong>T.</strong></span> <span class='ocrx_word' id='word_1_233' title='bbox 603 1922 688 1954; x_wconf 83' lang='lat' dir='ltr'><strong>Livio,</strong></span> <span class='ocrx_word' id='word_1_234' title='bbox 704 1921 818 1955; x_wconf 83' lang='lat' dir='ltr'><strong>Trieste,</strong></span> <span class='ocrx_word' id='word_1_235' title='bbox 833 1923 907 1957; x_wconf 85' lang='lat'>1877,</span> 
     </span>
     <span class='ocr_line' id='line_1_43' title="bbox 332 1963 908 1999; baseline 0 -8"><span class='ocrx_word' id='word_1_236' title='bbox 332 1973 356 1999; x_wconf 89' lang='lat' dir='ltr'><strong>p.</strong></span> <span class='ocrx_word' id='word_1_237' title='bbox 364 1972 407 1996; x_wconf 89' lang='lat'><strong>41,</strong></span> <span class='ocrx_word' id='word_1_238' title='bbox 415 1972 468 1990; x_wconf 91' lang='lat' dir='ltr'><strong>una</strong></span> <span class='ocrx_word' id='word_1_239' title='bbox 477 1973 491 1988; x_wconf 89' lang='lat'><strong><em>«</em></strong></span> <span class='ocrx_word' id='word_1_240' title='bbox 499 1963 627 1999; x_wconf 72' lang='lat' dir='ltr'><strong>postilla»</strong></span> <span class='ocrx_word' id='word_1_241' title='bbox 637 1963 681 1990; x_wconf 88' lang='lat' dir='ltr'><strong>all’</strong></span> <span class='ocrx_word' id='word_1_242' title='bbox 689 1963 801 1999; x_wconf 78' lang='lat' dir='ltr'><strong>epistola</strong></span> <span class='ocrx_word' id='word_1_243' title='bbox 809 1964 852 1990; x_wconf 84' lang='lat' dir='ltr'><strong>ch&#39;</strong></span> <span class='ocrx_word' id='word_1_244' title='bbox 860 1973 908 1991; x_wconf 86' lang='lat' dir='ltr'><strong>ora</strong></span> 
     </span>
     <span class='ocr_line' id='line_1_44' title="bbox 332 2005 909 2042; baseline 0.002 -10"><span class='ocrx_word' id='word_1_245' title='bbox 332 2007 354 2032; x_wconf 85' lang='lat' dir='ltr'><strong>si</strong></span> <span class='ocrx_word' id='word_1_246' title='bbox 368 2008 382 2033; x_wconf 77' lang='lat' dir='ltr'><strong>e</strong></span> <span class='ocrx_word' id='word_1_247' title='bbox 395 2005 473 2038; x_wconf 85' lang='lat' dir='ltr'><strong>lerta;</strong></span> <span class='ocrx_word' id='word_1_248' title='bbox 485 2014 530 2032; x_wconf 90' lang='lat' dir='ltr'><strong>ma</strong></span> <span class='ocrx_word' id='word_1_249' title='bbox 542 2006 617 2032; x_wconf 83' lang='lat' dir='ltr'><strong>bensl</strong></span> <span class='ocrx_word' id='word_1_250' title='bbox 631 2014 684 2032; x_wconf 82' lang='lat' dir='ltr'><strong>una</strong></span> <span class='ocrx_word' id='word_1_251' title='bbox 695 2014 759 2033; x_wconf 83' lang='lat' dir='ltr'><strong>vera</strong></span> <span class='ocrx_word' id='word_1_252' title='bbox 773 2015 788 2033; x_wconf 94' lang='lat' dir='ltr'><strong>e</strong></span> <span class='ocrx_word' id='word_1_253' title='bbox 800 2007 909 2042; x_wconf 85' lang='lat' dir='ltr'><strong>propria</strong></span> 
     </span>
     <span class='ocr_line' id='line_1_45' title="bbox 332 2048 908 2085; baseline 0.002 -10"><span class='ocrx_word' id='word_1_254' title='bbox 332 2048 425 2075; x_wconf 86' lang='lat' dir='ltr'><strong>lettera</strong></span> <span class='ocrx_word' id='word_1_255' title='bbox 433 2048 466 2074; x_wconf 90' lang='lat' dir='ltr'><strong>da</strong></span> <span class='ocrx_word' id='word_1_256' title='bbox 474 2057 533 2075; x_wconf 85' lang='lat' dir='ltr'><strong>essa</strong></span> <span class='ocrx_word' id='word_1_257' title='bbox 544 2048 741 2083; x_wconf 82' lang='lat' dir='ltr'><strong>indipendente,</strong></span> <span class='ocrx_word' id='word_1_258' title='bbox 748 2048 820 2075; x_wconf 85' lang='lat' dir='ltr'><strong>nella</strong></span> <span class='ocrx_word' id='word_1_259' title='bbox 829 2048 908 2085; x_wconf 86' lang='lat' dir='ltr'><strong>quale</strong></span> 
     </span>
     <span class='ocr_line' id='line_1_46' title="bbox 333 2089 908 2124; baseline 0 -8"><span class='ocrx_word' id='word_1_260' title='bbox 333 2089 351 2116; x_wconf 93' lang='lat' dir='ltr'><strong>il</strong></span> <span class='ocrx_word' id='word_1_261' title='bbox 376 2090 413 2122; x_wconf 90' lang='lat' dir='ltr'><strong>S.,</strong></span> <span class='ocrx_word' id='word_1_262' title='bbox 437 2089 556 2116; x_wconf 89' lang='lat' dir='ltr'><strong>secondo</strong></span> <span class='ocrx_word' id='word_1_263' title='bbox 582 2090 607 2116; x_wconf 87' lang='lat' dir='ltr'><strong>la</strong></span> <span class='ocrx_word' id='word_1_264' title='bbox 633 2089 828 2116; x_wconf 86' lang='lat' dir='ltr'><strong>consuetudine</strong></span> <span class='ocrx_word' id='word_1_265' title='bbox 851 2099 908 2124; x_wconf 85' lang='lat' dir='ltr'><strong>sua,</strong></span> 
     </span>
     <span class='ocr_line' id='line_1_47' title="bbox 333 2131 908 2167; baseline 0.002 -9"><span class='ocrx_word' id='word_1_266' title='bbox 333 2131 375 2158; x_wconf 89' lang='lat' dir='ltr'><strong>ch’</strong></span> <span class='ocrx_word' id='word_1_267' title='bbox 387 2140 431 2158; x_wconf 87' lang='lat' dir='ltr'><strong>era</strong></span> <span class='ocrx_word' id='word_1_268' title='bbox 458 2131 632 2158; x_wconf 84' lang='lat' dir='ltr'><strong>tradizionale</strong></span> <span class='ocrx_word' id='word_1_269' title='bbox 657 2141 672 2159; x_wconf 87' lang='lat' dir='ltr'><strong>e</strong></span> <span class='ocrx_word' id='word_1_270' title='bbox 697 2132 908 2167; x_wconf 84' lang='lat' dir='ltr'><strong>rigorosamente</strong></span> 
     </span>
     <span class='ocr_line' id='line_1_48' title="bbox 331 2174 909 2209; baseline 0.003 -9"><span class='ocrx_word' id='word_1_271' title='bbox 331 2181 467 2201; x_wconf 84' lang='lat' dir='ltr'><strong>osservata</strong></span> <span class='ocrx_word' id='word_1_272' title='bbox 489 2183 538 2209; x_wconf 88' lang='lat' dir='ltr'><strong>pur</strong></span> <span class='ocrx_word' id='word_1_273' title='bbox 557 2174 601 2201; x_wconf 90' lang='lat' dir='ltr'><strong>dal</strong></span> <span class='ocrx_word' id='word_1_274' title='bbox 625 2174 759 2208; x_wconf 83' lang='lat' dir='ltr'><strong>Petrarca,</strong></span> <span class='ocrx_word' id='word_1_275' title='bbox 787 2175 909 2202; x_wconf 78' lang='lat' dir='ltr'><strong>s’intrat-</strong></span> 
     </span>
     <span class='ocr_line' id='line_1_49' title="bbox 332 2216 908 2252; baseline 0.002 -9"><span class='ocrx_word' id='word_1_276' title='bbox 332 2217 404 2243; x_wconf 85' lang='lat' dir='ltr'><strong>tiene</strong></span> <span class='ocrx_word' id='word_1_277' title='bbox 428 2217 454 2243; x_wconf 87' lang='lat' dir='ltr'><strong>di</strong></span> <span class='ocrx_word' id='word_1_278' title='bbox 480 2216 567 2252; x_wconf 89' lang='lat' dir='ltr'><strong>quelle</strong></span> <span class='ocrx_word' id='word_1_279' title='bbox 587 2225 634 2243; x_wconf 88' lang='lat' dir='ltr'><strong>sue</strong></span> <span class='ocrx_word' id='word_1_280' title='bbox 653 2217 753 2252; x_wconf 86' lang='lat' dir='ltr'><strong>private</strong></span> <span class='ocrx_word' id='word_1_281' title='bbox 771 2217 908 2251; x_wconf 86' lang='lat' dir='ltr'><strong>faccende,</strong></span> 
     </span>
     <span class='ocr_line' id='line_1_50' title="bbox 334 2259 908 2295; baseline 0.002 -10"><span class='ocrx_word' id='word_1_282' title='bbox 334 2259 385 2285; x_wconf 91' lang='lat' dir='ltr'><strong>che</strong></span> <span class='ocrx_word' id='word_1_283' title='bbox 395 2267 449 2285; x_wconf 90' lang='lat' dir='ltr'><strong>non</strong></span> <span class='ocrx_word' id='word_1_284' title='bbox 460 2265 594 2294; x_wconf 91' lang='lat' dir='ltr'><strong>potevano</strong></span> <span class='ocrx_word' id='word_1_285' title='bbox 605 2265 697 2285; x_wconf 83' lang='lat' dir='ltr'><strong>trovar</strong></span> <span class='ocrx_word' id='word_1_286' title='bbox 706 2259 799 2295; x_wconf 83' lang='lat' dir='ltr'><strong>luogo,</strong></span> <span class='ocrx_word' id='word_1_287' title='bbox 809 2260 908 2295; x_wconf 79' lang='lat' dir='ltr'><strong>perche</strong></span> 
     </span>
     <span class='ocr_line' id='line_1_51' title="bbox 334 2301 909 2336; baseline 0.002 -9"><span class='ocrx_word' id='word_1_288' title='bbox 334 2301 360 2327; x_wconf 93' lang='lat' dir='ltr'><strong>di</strong></span> <span class='ocrx_word' id='word_1_289' title='bbox 379 2307 477 2335; x_wconf 91' lang='lat' dir='ltr'><strong>troppo</strong></span> <span class='ocrx_word' id='word_1_290' title='bbox 500 2301 604 2327; x_wconf 88' lang='lat' dir='ltr'><strong>diversa</strong></span> <span class='ocrx_word' id='word_1_291' title='bbox 626 2310 641 2328; x_wconf 86' lang='lat' dir='ltr'><strong>e</strong></span> <span class='ocrx_word' id='word_1_292' title='bbox 661 2301 839 2336; x_wconf 85' lang='lat' dir='ltr'><strong>tropp⁷umile</strong></span> <span class='ocrx_word' id='word_1_293' title='bbox 861 2310 909 2328; x_wconf 89' lang='lat' dir='ltr'><strong>na-</strong></span> 
     </span>
     <span class='ocr_line' id='line_1_52' title="bbox 332 2342 909 2378; baseline 0.003 -9"><span class='ocrx_word' id='word_1_294' title='bbox 332 2348 400 2375; x_wconf 84' lang='lat' dir='ltr'><strong>tura,</strong></span> <span class='ocrx_word' id='word_1_295' title='bbox 415 2342 487 2369; x_wconf 87' lang='lat' dir='ltr'><strong>nella</strong></span> <span class='ocrx_word' id='word_1_296' title='bbox 501 2343 661 2378; x_wconf 84' lang='lat' dir='ltr'><strong>precedente</strong></span> <span class='ocrx_word' id='word_1_297' title='bbox 674 2344 701 2370; x_wconf 92' lang='lat' dir='ltr'><strong>di</strong></span> <span class='ocrx_word' id='word_1_298' title='bbox 719 2349 846 2371; x_wconf 82' lang='lat' dir='ltr'><strong>carattere</strong></span> <span class='ocrx_word' id='word_1_299' title='bbox 865 2353 909 2372; x_wconf 88' lang='lat' dir='ltr'><strong>so-</strong></span> 
     </span>
     <span class='ocr_line' id='line_1_53' title="bbox 333 2384 909 2420; baseline 0.005 -10"><span class='ocrx_word' id='word_1_300' title='bbox 333 2384 412 2411; x_wconf 90' lang='lat' dir='ltr'><strong>lenne</strong></span> <span class='ocrx_word' id='word_1_301' title='bbox 431 2393 445 2411; x_wconf 94' lang='lat' dir='ltr'><strong>e</strong></span> <span class='ocrx_word' id='word_1_302' title='bbox 470 2385 606 2420; x_wconf 87' lang='lat' dir='ltr'><strong>pubblico,</strong></span> <span class='ocrx_word' id='word_1_303' title='bbox 629 2385 759 2412; x_wconf 82' lang='lat' dir='ltr'><strong>destinata</strong></span> <span class='ocrx_word' id='word_1_304' title='bbox 781 2385 814 2412; x_wconf 87' lang='lat' dir='ltr'><strong>ad</strong></span> <span class='ocrx_word' id='word_1_305' title='bbox 836 2394 909 2413; x_wconf 82' lang='lat' dir='ltr'><strong>esser</strong></span> 
     </span>
     <span class='ocr_line' id='line_1_54' title="bbox 333 2426 880 2455; baseline 0.005 -3"><span class='ocrx_word' id='word_1_306' title='bbox 333 2426 397 2453; x_wconf 88' lang='lat' dir='ltr'><strong>letta</strong></span> <span class='ocrx_word' id='word_1_307' title='bbox 418 2427 450 2453; x_wconf 88' lang='lat' dir='ltr'><strong>da</strong></span> <span class='ocrx_word' id='word_1_308' title='bbox 469 2427 547 2453; x_wconf 90' lang='lat' dir='ltr'><strong>molti</strong></span> <span class='ocrx_word' id='word_1_309' title='bbox 567 2436 582 2454; x_wconf 90' lang='lat' dir='ltr'><strong>e</strong></span> <span class='ocrx_word' id='word_1_310' title='bbox 602 2427 635 2454; x_wconf 88' lang='lat' dir='ltr'><strong>da</strong></span> <span class='ocrx_word' id='word_1_311' title='bbox 655 2427 730 2455; x_wconf 89' lang='lat' dir='ltr'><strong>molti</strong></span> <span class='ocrx_word' id='word_1_312' title='bbox 751 2427 880 2455; x_wconf 76' lang='lat' dir='ltr'><strong>discussa.</strong></span> 
     </span>
    </p>
   </div>
   <div class='ocr_carea' id='block_1_15' title="bbox 538 1690 1526 1721">
    <p class='ocr_par' dir='ltr' id='par_1_15' title="bbox 538 1690 1526 1721">
     <span class='ocr_line' id='line_1_55' title="bbox 538 1690 1526 1721; baseline 0.001 -7"><span class='ocrx_word' id='word_1_313' title='bbox 538 1692 573 1715; x_wconf 86' lang='lat'><strong>16.</strong></span> <span class='ocrx_word' id='word_1_314' title='bbox 588 1692 652 1720; x_wconf 81' lang='lat' dir='ltr'><strong>Dopo</strong></span> <span class='ocrx_word' id='word_1_315' title='bbox 668 1691 757 1714; x_wconf 78' lang='lat' dir='ltr'><strong>felicem</strong></span> <span class='ocrx_word' id='word_1_316' title='bbox 772 1690 802 1714; x_wconf 86' lang='lat' dir='ltr'><strong>R¹</strong></span> <span class='ocrx_word' id='word_1_317' title='bbox 819 1692 892 1720; x_wconf 73' lang='lat' dir='ltr'><strong>[egge</strong></span> <span class='ocrx_word' id='word_1_318' title='bbox 907 1695 929 1714; x_wconf 85' lang='lat' dir='ltr'><strong>et</strong></span> <span class='ocrx_word' id='word_1_319' title='bbox 943 1690 1000 1714; x_wconf 76' lang='lat' dir='ltr'><strong>infra</strong></span> <span class='ocrx_word' id='word_1_320' title='bbox 1014 1692 1058 1715; x_wconf 68' lang='grc' dir='ltr'><strong>ἃς.</strong></span> <span class='ocrx_word' id='word_1_321' title='bbox 1076 1698 1090 1714; x_wconf 87' lang='lat' dir='ltr'><strong>e</strong></span> <span class='ocrx_word' id='word_1_322' title='bbox 1103 1692 1147 1721; x_wconf 76' lang='grc' dir='ltr'><strong>φη·</strong></span> <span class='ocrx_word' id='word_1_323' title='bbox 1157 1692 1271 1715; x_wconf 63' lang='grc' dir='ltr'><strong>τάνταῖα</strong></span> <span class='ocrx_word' id='word_1_324' title='bbox 1287 1692 1311 1714; x_wconf 74' lang='lat' dir='ltr'><strong>in</strong></span> <span class='ocrx_word' id='word_1_325' title='bbox 1325 1698 1378 1715; x_wconf 60' lang='lat' dir='ltr'><strong>eam</strong></span> <span class='ocrx_word' id='word_1_326' title='bbox 1401 1692 1526 1721; x_wconf 68' lang='lat' dir='ltr'><strong>reputata.</strong></span> 
     </span>
    </p>
   </div>
   <div class='ocr_carea' id='block_1_16' title="bbox 953 1836 1530 2462">
    <p class='ocr_par' dir='ltr' id='par_1_16' title="bbox 953 1836 1528 2370">
     <span class='ocr_line' id='line_1_56' title="bbox 988 1836 1527 1875; baseline 0.004 -11"><span class='ocrx_word' id='word_1_327' title='bbox 988 1837 1031 1873; x_wconf 91' lang='lat'><strong>(2)</strong></span> <span class='ocrx_word' id='word_1_328' title='bbox 1044 1837 1056 1864; x_wconf 92' lang='lat'>1</span> <span class='ocrx_word' id='word_1_329' title='bbox 1068 1836 1223 1865; x_wconf 82' lang='lat' dir='ltr'><strong>frammenti</strong></span> <span class='ocrx_word' id='word_1_330' title='bbox 1235 1838 1262 1865; x_wconf 88' lang='lat' dir='ltr'><strong>di</strong></span> <span class='ocrx_word' id='word_1_331' title='bbox 1274 1838 1527 1875; x_wconf 76' lang='lat' dir='ltr'><strong>quest‘epistoletta,</strong></span> 
     </span>
     <span class='ocr_line' id='line_1_57' title="bbox 953 1879 1526 1916; baseline 0.003 -10"><span class='ocrx_word' id='word_1_332' title='bbox 953 1879 1036 1906; x_wconf 84' lang='lat' dir='ltr'><strong>messi</strong></span> <span class='ocrx_word' id='word_1_333' title='bbox 1048 1879 1074 1906; x_wconf 87' lang='lat' dir='ltr'><strong>in</strong></span> <span class='ocrx_word' id='word_1_334' title='bbox 1088 1879 1149 1906; x_wconf 88' lang='lat' dir='ltr'><strong>luce</strong></span> <span class='ocrx_word' id='word_1_335' title='bbox 1160 1879 1194 1906; x_wconf 88' lang='lat' dir='ltr'><strong>da</strong></span> <span class='ocrx_word' id='word_1_336' title='bbox 1204 1880 1240 1907; x_wconf 88' lang='lat' dir='ltr'><strong>M.</strong></span> <span class='ocrx_word' id='word_1_337' title='bbox 1252 1880 1352 1916; x_wconf 87' lang='lat' dir='ltr'><strong>Haupt,</strong></span> <span class='ocrx_word' id='word_1_338' title='bbox 1365 1889 1381 1907; x_wconf 91' lang='lat' dir='ltr'><strong>a</strong></span> <span class='ocrx_word' id='word_1_339' title='bbox 1390 1881 1433 1908; x_wconf 86' lang='lat' dir='ltr'><strong>cui</strong></span> <span class='ocrx_word' id='word_1_340' title='bbox 1442 1889 1526 1908; x_wconf 81' lang='lat' dir='ltr'><strong>erano</strong></span> 
     </span>
     <span class='ocr_line' id='line_1_58' title="bbox 954 1921 1526 1956; baseline 0.002 -8"><span class='ocrx_word' id='word_1_341' title='bbox 954 1921 1015 1948; x_wconf 84' lang='lat' dir='ltr'><strong>stati</strong></span> <span class='ocrx_word' id='word_1_342' title='bbox 1031 1922 1193 1949; x_wconf 80' lang='lat' dir='ltr'><strong>comunicati</strong></span> <span class='ocrx_word' id='word_1_343' title='bbox 1209 1922 1243 1949; x_wconf 89' lang='lat' dir='ltr'><strong>da</strong></span> <span class='ocrx_word' id='word_1_344' title='bbox 1256 1922 1311 1949; x_wconf 91' lang='lat' dir='ltr'><strong>Th.</strong></span> <span class='ocrx_word' id='word_1_345' title='bbox 1323 1923 1485 1956; x_wconf 83' lang='lat' dir='ltr'><strong>Mommsen,</strong></span> <span class='ocrx_word' id='word_1_346' title='bbox 1498 1922 1526 1949; x_wconf 88' lang='lat' dir='ltr'><strong>in</strong></span> 
     </span>
     <span class='ocr_line' id='line_1_59' title="bbox 954 1965 1527 2000; baseline 0.003 -10"><span class='ocrx_word' id='word_1_347' title='bbox 954 1972 1008 1990; x_wconf 90' lang='lat' dir='ltr'><strong>uno</strong></span> <span class='ocrx_word' id='word_1_348' title='bbox 1018 1965 1111 1991; x_wconf 84' lang='lat' dir='ltr'><strong>scritto</strong></span> <span class='ocrx_word' id='word_1_349' title='bbox 1119 1973 1262 2000; x_wconf 75' lang='lat' dir='ltr'><strong>compar-so</strong></span> <span class='ocrx_word' id='word_1_350' title='bbox 1271 1965 1356 2000; x_wconf 82' lang='lat' dir='ltr'><strong>prima</strong></span> <span class='ocrx_word' id='word_1_351' title='bbox 1366 1965 1409 1991; x_wconf 89' lang='lat' dir='ltr'><strong>ne’</strong></span> <span class='ocrx_word' id='word_1_352' title='bbox 1416 1965 1527 1992; x_wconf 64' lang='lat' dir='ltr'><strong>Baricha</strong></span> 
     </span>
     <span class='ocr_line' id='line_1_60' title="bbox 953 2007 1526 2042; baseline 0.003 -9"><span class='ocrx_word' id='word_1_353' title='bbox 953 2008 1014 2034; x_wconf 66' lang='lat' dir='ltr'><strong>saber</strong></span> <span class='ocrx_word' id='word_1_354' title='bbox 1032 2007 1071 2034; x_wconf 70' lang='lat' dir='ltr'><strong>die</strong></span> <span class='ocrx_word' id='word_1_355' title='bbox 1094 2007 1296 2042; x_wconf 75' lang='lat' dir='ltr'><strong>Verbandlungm</strong></span> <span class='ocrx_word' id='word_1_356' title='bbox 1316 2007 1359 2035; x_wconf 72' lang='lat' dir='ltr'><strong>der</strong></span> <span class='ocrx_word' id='word_1_357' title='bbox 1380 2009 1435 2035; x_wconf 66' lang='lat' dir='ltr'><strong>kc‘m.</strong></span> <span class='ocrx_word' id='word_1_358' title='bbox 1458 2008 1526 2035; x_wconf 65' lang='lat' dir='ltr'><strong>stich-</strong></span> 
     </span>
     <span class='ocr_line' id='line_1_61' title="bbox 953 2049 1526 2084; baseline 0 -8"><span class='ocrx_word' id='word_1_359' title='bbox 953 2050 1023 2077; x_wconf 80' lang='lat' dir='ltr'><strong>sisch.</strong></span> <span class='ocrx_word' id='word_1_360' title='bbox 1035 2049 1192 2084; x_wconf 71' lang='lat' dir='ltr'><strong>Gesellschast</strong></span> <span class='ocrx_word' id='word_1_361' title='bbox 1200 2050 1243 2076; x_wconf 71' lang='lat' dir='ltr'><strong>der</strong></span> <span class='ocrx_word' id='word_1_362' title='bbox 1259 2049 1294 2076; x_wconf 84' lang='lat' dir='ltr'><em>W</em></span> <span class='ocrx_word' id='word_1_363' title='bbox 1291 2050 1447 2084; x_wconf 64' lang='lat' dir='ltr'><strong>issmschafe„</strong></span> <span class='ocrx_word' id='word_1_364' title='bbox 1457 2049 1526 2076; x_wconf 83' lang='lat' dir='ltr'><strong>Phil.</strong></span> 
     </span>
     <span class='ocr_line' id='line_1_62' title="bbox 954 2091 1527 2127; baseline 0.002 -10"><span class='ocrx_word' id='word_1_365' title='bbox 954 2091 1016 2118; x_wconf 83' lang='lat' dir='ltr'><strong>hist.</strong></span> <span class='ocrx_word' id='word_1_366' title='bbox 1042 2091 1138 2124; x_wconf 65' lang='lat' dir='ltr'><strong>Class„</strong></span> <span class='ocrx_word' id='word_1_367' title='bbox 1165 2100 1196 2127; x_wconf 85' lang='lat'><strong>¹9</strong></span> <span class='ocrx_word' id='word_1_368' title='bbox 1217 2091 1276 2126; x_wconf 84' lang='lat' dir='ltr'><strong>Jan.</strong></span> <span class='ocrx_word' id='word_1_369' title='bbox 1304 2092 1378 2126; x_wconf 83' lang='lat'>1850,</span> <span class='ocrx_word' id='word_1_370' title='bbox 1403 2101 1430 2118; x_wconf 86' lang='lat' dir='ltr'><strong>n.</strong></span> <span class='ocrx_word' id='word_1_371' title='bbox 1452 2099 1492 2122; x_wconf 71' lang='grc' dir='ltr'><strong>ιι,</strong></span> <span class='ocrx_word' id='word_1_372' title='bbox 1511 2100 1527 2118; x_wconf 88' lang='lat' dir='ltr'><strong>e</strong></span> 
     </span>
     <span class='ocr_line' id='line_1_63' title="bbox 953 2133 1528 2169; baseline 0.002 -10"><span class='ocrx_word' id='word_1_373' title='bbox 953 2133 1045 2168; x_wconf 81' lang='lat' dir='ltr'><strong>quindi</strong></span> <span class='ocrx_word' id='word_1_374' title='bbox 1060 2133 1211 2168; x_wconf 90' lang='lat' dir='ltr'><strong>riprodotto</strong></span> <span class='ocrx_word' id='word_1_375' title='bbox 1226 2133 1296 2168; x_wconf 85' lang='lat' dir='ltr'><strong>negli</strong></span> <span class='ocrx_word' id='word_1_376' title='bbox 1312 2133 1446 2169; x_wconf 78' lang='lat' dir='ltr'><strong>opuscula,</strong></span> <span class='ocrx_word' id='word_1_377' title='bbox 1457 2141 1528 2160; x_wconf 84' lang='lat' dir='ltr'><strong>sono</strong></span> 
     </span>
     <span class='ocr_line' id='line_1_64' title="bbox 953 2174 1528 2210; baseline 0 -9"><span class='ocrx_word' id='word_1_378' title='bbox 953 2176 1015 2202; x_wconf 83' lang='lat' dir='ltr'><strong>stati</strong></span> <span class='ocrx_word' id='word_1_379' title='bbox 1035 2183 1098 2208; x_wconf 87' lang='lat' dir='ltr'><strong>pure</strong></span> <span class='ocrx_word' id='word_1_380' title='bbox 1118 2175 1265 2210; x_wconf 85' lang='lat' dir='ltr'><strong>ristampati</strong></span> <span class='ocrx_word' id='word_1_381' title='bbox 1285 2176 1317 2202; x_wconf 82' lang='lat' dir='ltr'><strong>da</strong></span> <span class='ocrx_word' id='word_1_382' title='bbox 1329 2175 1364 2202; x_wconf 88' lang='lat' dir='ltr'><strong>A.</strong></span> <span class='ocrx_word' id='word_1_383' title='bbox 1378 2175 1471 2202; x_wconf 80' lang='lat' dir='ltr'><strong>Hortis</strong></span> <span class='ocrx_word' id='word_1_384' title='bbox 1483 2174 1528 2202; x_wconf 90' lang='lat' dir='ltr'><strong>nel</strong></span> 
     </span>
     <span class='ocr_line' id='line_1_65' title="bbox 953 2216 1528 2252; baseline 0.003 -10"><span class='ocrx_word' id='word_1_385' title='bbox 953 2216 1061 2243; x_wconf 83' lang='lat' dir='ltr'><strong>libretto</strong></span> <span class='ocrx_word' id='word_1_386' title='bbox 1089 2225 1168 2252; x_wconf 80' lang='lat' dir='ltr'><strong>sopra</strong></span> <span class='ocrx_word' id='word_1_387' title='bbox 1197 2218 1292 2249; x_wconf 86' lang='lat' dir='ltr'><strong>citato;</strong></span> <span class='ocrx_word' id='word_1_388' title='bbox 1319 2225 1363 2244; x_wconf 85' lang='lat' dir='ltr'><strong>ma</strong></span> <span class='ocrx_word' id='word_1_389' title='bbox 1390 2217 1487 2252; x_wconf 73' lang='lat' dir='ltr'><strong>poiche</strong></span> <span class='ocrx_word' id='word_1_390' title='bbox 1506 2217 1528 2243; x_wconf 81' lang='lat' dir='ltr'><strong>si</strong></span> 
     </span>
     <span class='ocr_line' id='line_1_66' title="bbox 954 2259 1528 2294; baseline 0.002 -9"><span class='ocrx_word' id='word_1_391' title='bbox 954 2265 1031 2285; x_wconf 83' lang='lat' dir='ltr'><strong>tratta</strong></span> <span class='ocrx_word' id='word_1_392' title='bbox 1046 2259 1072 2285; x_wconf 87' lang='lat' dir='ltr'><strong>d&#39;</strong></span> <span class='ocrx_word' id='word_1_393' title='bbox 1082 2267 1135 2285; x_wconf 88' lang='lat' dir='ltr'><strong>una</strong></span> <span class='ocrx_word' id='word_1_394' title='bbox 1149 2268 1223 2286; x_wconf 84' lang='lat' dir='ltr'><strong>mera</strong></span> <span class='ocrx_word' id='word_1_395' title='bbox 1236 2259 1422 2294; x_wconf 83' lang='lat' dir='ltr'><strong>riproduzione</strong></span> <span class='ocrx_word' id='word_1_396' title='bbox 1436 2259 1480 2286; x_wconf 87' lang='lat' dir='ltr'><strong>del</strong></span> <span class='ocrx_word' id='word_1_397' title='bbox 1491 2265 1528 2286; x_wconf 86' lang='lat' dir='ltr'><strong>te·</strong></span> 
     </span>
     <span class='ocr_line' id='line_1_67' title="bbox 955 2300 1528 2336; baseline 0.002 -9"><span class='ocrx_word' id='word_1_398' title='bbox 955 2306 996 2327; x_wconf 86' lang='lat' dir='ltr'><strong>sto</strong></span> <span class='ocrx_word' id='word_1_399' title='bbox 1015 2300 1058 2327; x_wconf 91' lang='lat' dir='ltr'><strong>del</strong></span> <span class='ocrx_word' id='word_1_400' title='bbox 1077 2301 1169 2336; x_wconf 87' lang='lat' dir='ltr'><strong>Haupt</strong></span> <span class='ocrx_word' id='word_1_401' title='bbox 1186 2309 1242 2327; x_wconf 85' lang='lat' dir='ltr'><strong>non</strong></span> <span class='ocrx_word' id='word_1_402' title='bbox 1261 2309 1295 2328; x_wconf 90' lang='lat' dir='ltr'><strong>ne</strong></span> <span class='ocrx_word' id='word_1_403' title='bbox 1313 2303 1431 2328; x_wconf 83' lang='lat' dir='ltr'><strong>teniamo</strong></span> <span class='ocrx_word' id='word_1_404' title='bbox 1443 2308 1528 2328; x_wconf 89' lang='lat' dir='ltr'><strong>conto</strong></span> 
     </span>
     <span class='ocr_line' id='line_1_68' title="bbox 954 2342 1238 2370; baseline 0.004 -1"><span class='ocrx_word' id='word_1_405' title='bbox 954 2342 1024 2369; x_wconf 84' lang='lat' dir='ltr'><strong>nelle</strong></span> <span class='ocrx_word' id='word_1_406' title='bbox 1039 2349 1104 2370; x_wconf 86' lang='lat' dir='ltr'><strong>note</strong></span> <span class='ocrx_word' id='word_1_407' title='bbox 1121 2343 1238 2370; x_wconf 87' lang='lat' dir='ltr'><strong>critiche.</strong></span> 
     </span>
    </p>

    <p class='ocr_par' dir='ltr' id='par_1_17' title="bbox 955 2384 1530 2462">
     <span class='ocr_line' id='line_1_69' title="bbox 991 2384 1530 2420; baseline 0.004 -9"><span class='ocrx_word' id='word_1_408' title='bbox 991 2384 1032 2420; x_wconf 91' lang='lat'><strong>(3)</strong></span> <span class='ocrx_word' id='word_1_409' title='bbox 1044 2384 1117 2412; x_wconf 81' lang='lat' dir='ltr'><strong>Nota</strong></span> <span class='ocrx_word' id='word_1_410' title='bbox 1131 2386 1301 2420; x_wconf 85' lang='lat' dir='ltr'><strong>espressione</strong></span> <span class='ocrx_word' id='word_1_411' title='bbox 1313 2385 1410 2412; x_wconf 84' lang='lat' dir='ltr'><strong>biblica</strong></span> <span class='ocrx_word' id='word_1_412' title='bbox 1419 2395 1426 2418; x_wconf 87' lang='lat'>;</span> <span class='ocrx_word' id='word_1_413' title='bbox 1435 2385 1468 2413; x_wconf 83' lang='lat' dir='ltr'><strong>cf.</strong></span> <span class='ocrx_word' id='word_1_414' title='bbox 1481 2385 1530 2413; x_wconf 53' lang='lat' dir='ltr'><strong>Ge-</strong></span> 
     </span>
     <span class='ocr_line' id='line_1_70' title="bbox 955 2427 1458 2462; baseline 0.002 -8"><span class='ocrx_word' id='word_1_415' title='bbox 955 2436 1004 2455; x_wconf 74' lang='grc' dir='ltr'><strong>ηις.</strong></span> <span class='ocrx_word' id='word_1_416' title='bbox 1022 2427 1120 2460; x_wconf 82' lang='lat' dir='ltr'>XVIII,</span> <span class='ocrx_word' id='word_1_417' title='bbox 1143 2435 1174 2460; x_wconf 85' lang='lat'><strong>3;</strong></span> <span class='ocrx_word' id='word_1_418' title='bbox 1195 2428 1270 2454; x_wconf 88' lang='lat' dir='ltr'><strong>Num.</strong></span> <span class='ocrx_word' id='word_1_419' title='bbox 1290 2427 1337 2459; x_wconf 88' lang='lat' dir='ltr'><strong>XI,</strong></span> <span class='ocrx_word' id='word_1_420' title='bbox 1360 2436 1388 2462; x_wconf 83' lang='lat'><strong>15</strong></span> <span class='ocrx_word' id='word_1_421' title='bbox 1409 2429 1458 2455; x_wconf 84' lang='lat' dir='ltr'><strong>&amp;c.</strong></span> 
     </span>
    </p>
   </div>
   <div class='ocr_carea' id='block_1_17' title="bbox 1552 1067 1591 1090">
    <p class='ocr_par' dir='ltr' id='par_1_18' title="bbox 1552 1067 1591 1090">
     <span class='ocr_line' id='line_1_71' title="bbox 1552 1067 1591 1090; baseline 0 0"><span class='ocrx_word' id='word_1_422' title='bbox 1552 1067 1591 1090; x_wconf 91' lang='lat'><strong>10</strong></span> 
     </span>
    </p>
   </div>
   <div class='ocr_carea' id='block_1_18' title="bbox 1554 1360 1591 1394">
    <p class='ocr_par' dir='ltr' id='par_1_19' title="bbox 1554 1360 1591 1394">
     <span class='ocr_line' id='line_1_72' title="bbox 1554 1360 1591 1394; baseline 0 0"><span class='ocrx_word' id='word_1_423' title='bbox 1554 1360 1591 1394; x_wconf 88' lang='lat'><strong>15</strong></span> 
     </span>
    </p>
   </div>
  </div>
 </body>
</html>
