1682 2762
94 417 106 431 e
117 416 160 430 non
183 408 221 429 arii
235 409 307 436 percio

94 437 115 457 di
128 436 158 457 lui
172 443 194 456 m
204 436 268 456 modo
278 435 307 456 di-

93 470 153 484 verso
168 463 193 483 dn
207 463 254 490 quel
269 462 307 483 che

94 492 105 511 ὲ
119 490 264 514 convenienxe5

95 537 128 551 mn
143 530 193 550 luci
210 530 235 550 da
251 534 307 557 pane

95 557 170 578 siff-tte
179 557 258 577 ineziee
266 562 307 576 non

95 584 146 605 violi
153 584 172 604 le
179 583 250 611 regule
254 583 308 603 den:

94 612 228 658 grammrxien
272 616 306 637 per

96 644 173 659 onor-r
182 644 203 658 ο.

123 866 155 887 Or
169 873 205 893 per
216 865 287 886 venire
297 871 309 884 ι

97 894 130 914 cio
145 894 183 914 che
192 892 234 920 egli
244 892 309 912 urive

95 921 132 941 dee
142 921 246 947 dnpprima
255 918 310 939 rifiu-

97 953 141 968 ure
155 947 174 967 le
189 947 232 967 lodi
245 951 310 966 ecces-

96 975 141 995 zive
159 973 180 994 di
204 973 236 993 cui
260 972 310 992 l'ln

98 1001 151 1022 fntto
167 1007 232 1028 segne
251 999 310 1020 affer-

97 1028 192 1048 mmdoni
211 1027 272 1047 felice
290 1026 310 1046 di

98 1061 153 1075 esser
167 1059 216 1075 nno
227 1054 247 1073 in
260 1058 310 1074 tem-

98 1089 125 1110 po
138 1081 160 1102 in
175 1081 208 1102 eui
224 1085 310 1101 cot-nto

97 1114 159 1137 poet·
173 1108 260 1129 fiorisce.

125 1217 145 1238 Ο
156 1217 217 1243 δοκε
233 1216 311 1237 Cute!-

98 1245 147 1265 lnno
158 1245 185 1265 bn
194 1244 266 1265 voluto
276 1250 311 1264 nn·

98 1272 198 1292 scondere
224 1271 239 1291 il
262 1277 310 1291 vero

99 1300 179 1326 pernici·
197 1305 236 1318 suo
253 1303 311 1318 sotto

99 1326 165 1346 simile
197 1325 312 1353 iperbolico

99 1352 184 1380 elogio?

129 1859 252 1886 Comunque
285 1859 315 1879 ιίι

102 1886 121 1906 di
141 1887 182 1911 cio,
200 1886 279 1913 rispetti
295 1885 315 1906 la

103 1914 168 1933 veriti
185 1920 197 1933 e
214 1913 271 1933 nuu-
285 1912 314 1932 nf-

102 1940 162 1960 fermi
180 1940 218 1960 che
232 1940 257 1960 ad
270 1946 315 1960 esu

102 1967 243 1987 contradica.

124 2083 202 2103 Chiede
206 2083 247 2110 egli
252 2083 313 2103 adun·

101 2117 140 2138 que
155 2117 214 2131 come
230 2111 247 2130 si
264 2111 316 2137 spie-

101 2138 137 2165 ghi
147 2137 184 2157 che
195 2137 270 2157 Boezio
280 2137 316 2157 do-

101 2171 128 2211 ἔο
138 2171 186 2184 aver
199 2164 251 2184 fatto
261 2163 316 2184 dall·

115 2191 192 2211 losofin
199 2190 315 2211 ullontnm-

101 2218 146 2238 rele
152 2224 219 2242 muse.
224 2217 315 2238 volendo

101 2252 141 2265 con
155 2245 188 2265 οἱὸ
198 2244 315 2271 significare

101 2272 138 2292 che
166 2271 315 2292 abbandonava

101 2298 120 2318 le
135 2298 202 2319 forme
221 2298 316 2326 poeticbe

101 2332 137 2353 per
147 2325 166 2346 le
177 2325 301 2350 filosofiche.

334 270 399 313 482
758 272 1107 302 EP1sT0LAR1o

335 414 403 437 non
429 402 517 436 aliter
540 401 579 434 de
602 413 657 434 me
676 400 764 444 loqui
788 408 819 433 te
840 399 950 433 deceat
977 411 1074 444 quam
1093 399 1132 432 ad
1152 410 1218 440 me,
1233 411 1292 433 nec
1311 410 1455 443 unquam
1470 399 1538 433 sine

337 460 459 506 peccati
479 459 606 492 macula
624 458 831 492 mendacium
852 457 915 492 dici
935 469 1039 503 posse.
1086 457 1175 502 quod
1198 458 1224 491 si
1247 457 1368 498 feceris,
1384 466 1419 491 ut
1442 456 1539 491 debes

335 528 366 553 et
400 527 490 563 opto,
521 529 588 551 non
619 529 748 551 mecum
780 517 912 551 ulterius
943 516 992 549 his
1025 516 1152 561 ineptiis
1184 515 1331 557 abuteris,
1349 527 1409 550 nec
1432 515 1539 550 soloe-

336 578 487 616 cismum,
512 576 645 609 honoris
669 574 841 609 exhibendi
865 575 978 620 gratia,
999 586 1130 608 mecum
1155 574 1319 619 loquendo
1345 575 1538 615 committes,

335 635 391 669 sed
413 635 547 679 congrui
567 635 707 679 rectique
730 634 889 668 sermonis
907 633 1099 678 elegantiam
1121 632 1355 667 observabis(¹).
1402 632 1490 678 quod
1512 633 1538 667 si

337 692 470 737 posthac
482 693 515 726 in
529 693 601 733 isto,
617 703 715 737 quem
731 703 798 726 non
817 691 901 726 duco
914 703 1049 736 parvum
1071 702 1222 731 errorem,
1235 690 1538 736 perstiteris,saltem

336 751 469 785 ulciscar
483 751 631 785 iniuriam
649 749 842 795 denegando
863 761 1065 794 responsum.
1119 750 1190 794 plus
1210 750 1298 783 enim
1318 748 1417 783 michi
1436 749 1540 794 placet

337 809 422 844 nuda
446 809 561 843 veritas
585 820 683 854 quam
708 809 880 843 assentatio
910 808 1081 853 phalerata.

403 869 501 903 Nunc
529 877 638 902 autem
663 866 701 901 ad
728 877 783 901 tua
810 867 926 911 scripta
952 876 1101 901 revertar.
1149 874 1180 900 et
1203 867 1333 900 omissis
1357 878 1420 911 que
1443 865 1540 900 nimis

339 927 400 965 alte
423 926 464 960 de
483 938 537 960 me
561 927 702 960 sentiens
725 926 758 960 in
783 925 892 961 laudes
917 925 1099 960 accumulas
1123 936 1231 966 meas;
1251 937 1324 970 que,
1342 937 1415 959 cum
1441 924 1540 958 falsis-

338 985 419 1019 sime
451 985 526 1025 sint‚
555 996 615 1018 nec
649 983 741 1018 decet
770 996 829 1018 nec
863 984 992 1029 expedit
1023 983 1179 1018 ventilare
1189 996 1199 1025 ;
1230 983 1301 1028 quis
1334 993 1365 1017 te
1390 983 1540 1028 gratulari

338 1042 428 1084 ferat,
448 1043 536 1088 quod
561 1052 682 1084 natura,
702 1044 783 1077 sicut
803 1043 859 1083 ais,
884 1043 1034 1076 omnium
1061 1041 1185 1083 artifex,
1204 1050 1236 1076 te
1259 1042 1338 1076 tanti
1358 1042 1438 1076 vatis
1458 1050 1540 1075 tem-

338 1113 416 1147 pore
436 1102 523 1135 nasci
547 1101 650 1136 voluit
673 1111 705 1135 et
728 1102 857 1142 vixisse,
878 1102 968 1146 quasi
993 1102 1054 1134 sim
1079 1100 1210 1135 felicitas
1229 1100 1369 1145 quedam
1389 1109 1422 1134 et
1440 1099 1542 1134 nostri

339 1160 438 1194 seculi
458 1159 651 1205 sospitator?
697 1160 768 1204 quis
787 1169 818 1193 te
842 1159 930 1200 ferat,
949 1160 1095 1204 inquam,
1115 1159 1178 1193 hoc
1197 1158 1301 1193 dicere
1326 1158 1380 1192 vel
1402 1156 1543 1192 sentire?

340 1231 455 1252 verum
479 1228 513 1253 tu
537 1228 568 1252 te
593 1217 675 1252 forte
699 1218 811 1252 videns
836 1218 900 1252 hoc
923 1230 992 1252 esse
1015 1218 1234 1258 falsissimum,
1254 1217 1442 1252 adumbrata
1463 1228 1539 1262 qua-

343 1277 418 1311 dam
445 1277 590 1318 falsitate,
615 1277 640 1310 si
666 1277 770 1311 sciens
803 1276 834 1311 id
859 1276 981 1318 feceris,
1007 1276 1175 1310 vaferrime
1207 1276 1382 1321 callideque
1414 1274 1541 1317 falsum,

340 1346 376 1370 ut
400 1345 457 1377 est,
487 1335 651 1370 advertere
679 1345 765 1370 recte
794 1336 1005 1370 sentientibus
1029 1335 1194 1380 reliquisti.
1254 1334 1333 1369 dicis
1367 1335 1455 1369 enim
1479 1333 1543 1368 hoc

340 1394 483 1428 voluisse
517 1404 674 1435 naturam,
705 1406 802 1439 quam
832 1406 900 1428 non
934 1405 1029 1438 agere
1058 1394 1248 1435 voluntarie,
1273 1393 1330 1427 sed
1363 1393 1543 1427 necessario

340 1453 471 1499 physica
495 1453 575 1486 ratio
600 1453 669 1487 vult
692 1462 724 1486 et
747 1453 948 1486 sanctissima
972 1452 1147 1498 theologia.
1195 1453 1221 1486 si
1241 1451 1280 1486 de
1301 1462 1411 1486 nature
1426 1451 1542 1486 volun-

341 1519 404 1544 tate
431 1510 551 1555 pendet
575 1511 661 1544 enim
693 1511 767 1552 hoc,
790 1510 878 1555 quod
902 1510 1070 1556 gratularis
1093 1520 1125 1544 et
1148 1509 1281 1555 gaudes,
1306 1521 1380 1544 cum
1405 1509 1474 1543 eius
1498 1509 1544 1543 rei

342 1569 430 1602 nulla
464 1570 504 1603 sit
538 1569 697 1610 voluntas,
730 1579 838 1603 totum
872 1569 904 1603 id
938 1569 1026 1614 quod
1061 1569 1174 1603 asseris
1208 1569 1352 1613 sequitur
1384 1579 1454 1602 esse
1487 1566 1544 1602 fal-

342 1639 424 1662 sum.
471 1628 521 1661 sin
545 1637 664 1668 autem,
689 1637 724 1662 ut
753 1629 859 1672 potius
889 1639 969 1669 reor,
994 1627 1111 1662 modus
1141 1627 1194 1661 ille
1226 1626 1380 1672 loquendi
1412 1626 1544 1660 fortuito

341 1685 411 1726 tibi,
434 1685 513 1720 dum
535 1685 705 1727 scribebas,
730 1687 879 1727 occurrit,
902 1687 983 1720 scias
1007 1686 1084 1720 volo
1112 1695 1143 1719 te
1170 1686 1204 1720 in
1231 1697 1356 1726 verum,
1380 1683 1544 1725 dum-fal-

342 1755 415 1777 surn
439 1743 600 1785 scriberes,
624 1744 784 1778 incidisse.
831 1744 1089 1790 inexpugnabilis
1119 1744 1269 1789 equidem
1293 1744 1408 1778 veritas
1435 1752 1484 1777 est
1513 1751 1546 1776 et

342 1813 438 1846 quam
459 1803 500 1836 sit
515 1802 712 1846 impossibile
736 1803 781 1836 sic
801 1802 958 1843 occulere,
982 1804 1060 1847 quin
1081 1812 1242 1847 emergat3
1262 1802 1295 1836 in
1315 1803 1398 1847 ignis
1414 1800 1546 1846 quidem

343 1859 480 1894 modum
509 1872 583 1894 cum
607 1860 768 1905 obtegitur
791 1870 846 1894 aut
865 1861 981 1894 emittit
1003 1860 1153 1894 flammas
1174 1870 1228 1894 aut
1247 1860 1360 1894 fumat.
1407 1869 1442 1893 tu
1463 1859 1545 1893 veris

343 1929 499 1960 assuesce,
524 1930 646 1963 precor,
666 1919 829 1963 nichilque
853 1918 967 1963 fingas,
989 1919 1086 1952 etiarn
1111 1929 1146 1953 ut
1169 1931 1281 1953 verum
1307 1930 1439 1960 asseras,
1457 1917 1546 1963 quod

343 1977 384 2010 sit
407 1976 534 2011 falsum.
582 1977 670 2011 nulla
688 1977 820 2022 quidem
846 1978 949 2011 maior
973 1979 1070 2023 pestis
1091 1989 1161 2012 esse
1184 1987 1291 2023 potest
1313 1978 1347 2011 in
1367 1977 1433 2011 vita
1447 1988 1546 2022 quam

343 2035 468 2069 habitus
488 2035 632 2069 falsitatis
652 2045 747 2080 atque
767 2035 937 2070 mendacii.

411 2095 451 2128 Et
469 2102 505 2128 ut
524 2094 562 2127 ad
586 2093 619 2127 id
642 2094 730 2139 quod
753 2094 834 2139 petis
858 2095 1000 2136 veniam,
1021 2094 1099 2128 dicis
1121 2095 1271 2129 Boetium
1297 2106 1314 2127 a
1338 2093 1546 2138 Philosophia

342 2152 573 2198 reprehensum
593 2163 722 2198 propter
739 2153 918 2198 elegiacum
938 2165 1067 2187 carmen
1091 2154 1187 2198 nugis
1211 2153 1345 2187 scenicis
1369 2162 1400 2187 et
1423 2161 1546 2186 amato·

343 2211 395 2245 riis
420 2220 532 2255 aptum
555 2211 759 2246 sermonibus
778 2212 946 2257 inceptum
961 2211 1071 2245 stilum
1090 2211 1231 2246 voluisse
1253 2211 1432 2256 relinquere
1451 2210 1547 2245 dicta·

397 2322 436 2346 ²3·
451 2315 483 2340 G¹
499 2317 594 2340 recurrit

648 2317 683 2340 26.
699 2317 731 2341 G¹
745 2321 832 2341 ometre
845 2322 885 2341 aut
898 2330 912 2335 -
925 2317 1026 2340 flammas

381 2408 424 2443 (1)
445 2408 682 2437 Sull'avversione
712 2410 756 2438 del
787 2411 815 2438 S.
841 2419 888 2447 per
905 2410 925 2438 il
970 2419 1064 2438 scorso
1083 2410 1199 2443 altrove3
1225 2409 1258 2438 cf.
1283 2409 1330 2436 lib.
1350 2408 1424 2441 V111,
1452 2416 1494 2444 ep.
1513 2415 1548 2441 x;

347 2451 443 2478 «voi»
464 2452 590 2479 abbiamo
614 2453 659 2489 gia
687 2453 856 2489 largamente
885 2454 924 2481 di·
956 2454 1005 2487 -IL
1023 2461 1085 2488 405.

1571 933 1611 957 10

1575 1225 1610 1258 ¹5

1572 1515 1616 1540 20

1573 1809 1614 1843 25

1575 2101 1618 2134 30
