1682 2762
103 923 142 947 10

105 1211 140 1244 15

101 1497 144 1521 20

433 264 479 291 DI
511 263 775 292 COLUCCIO
813 261 1080 291 SALUTATI.
1296 261 1359 294 213

234 387 351 421 Audivi
375 397 484 422 tamen
512 397 574 421 tres
602 388 676 421 alias
699 388 766 421 vias
797 399 852 431 per
881 387 1122 421 universitatem
1150 386 1363 420 Parisiensem

169 454 291 479 mamre
314 454 346 479 et
368 445 614 490 prudentissime
637 445 818 490 designatas
831 445 875 478 (¹).
922 456 1020 479 unam
1043 444 1192 478 videlicet
1215 453 1364 487 compro-

169 503 272 543 missi3
290 514 388 547 quam
401 503 532 548 quidem
546 503 776 548 impossibilem
793 502 936 543 arbitror,
948 503 1102 547 quoniam
1116 500 1312 546 impossibile
1325 501 1364 534 sit

169 571 280 594 verum
308 561 452 595 invenire
472 560 640 605 fidumque
670 561 810 606 partibus
839 561 928 605 equis
959 560 1123 594 affectibus
1153 559 1364 593 mediatorem

169 627 200 651 et
223 618 376 662 quoniam
406 618 467 653 hec
489 619 541 653 via
564 628 689 652 mentes
713 618 857 652 fidelium
881 619 1016 652 minime
1042 617 1224 651 declararet.
1271 616 1364 650 altera

168 675 220 708 via
238 675 363 710 videtur
381 688 450 710 esse
470 677 607 717 concilii,
623 688 721 721 quam
740 677 959 711 communiter
977 687 1093 710 omnes
1114 675 1262 709 clamant.
1307 674 1363 708 sed

168 734 226 768 sub
242 745 322 782 Aquo,
339 734 583 779 congregabitur
614 734 677 769 hoc
704 735 882 769 universale
910 734 1100 768 concilium:
1133 733 1193 767 sub
1221 733 1284 767 isto
1313 733 1365 766 vel

168 792 267 826 altero
290 792 342 826 vel
365 793 530 837 utroque?
573 805 641 827 non
665 792 762 827 video
785 792 873 837 quod
895 792 963 826 fieri
983 791 1042 826 sub
1065 803 1132 825 uno
1155 791 1273 836 possit,
1297 802 1364 824 non

168 849 263 884 video
286 850 373 894 quod
395 850 454 884 sub
478 850 604 885 duobus
627 850 731 885 facere
756 850 948 884 laudabilem
967 850 1090 883 exitum
1113 850 1213 894 possit
1237 848 1363 883 habere.

169 908 217 942 fac
232 909 318 942 enim
331 918 499 954 utramque
512 918 634 953 partem
648 921 723 943 cum
735 920 794 943 suo
805 908 957 954 pontifice
968 908 1169 942 convenisse.
1215 907 1365 952 perstabit

168 966 308 1011 quelibet
329 967 363 1000 in
385 978 446 1000 suo
470 968 636 1011 proposito
660 976 692 1001 et
714 967 747 1001 in
765 978 929 1001 summam
951 966 1098 1000 venietur
1121 966 1364 999 contentionem
1392 975 1404 996 ν

169 1033 202 1058 et
212 1024 284 1058 licet
299 1024 417 1058 iudices
431 1034 692 1069 preponerentur,
707 1035 775 1058 non
793 1034 900 1058 essent
914 1033 1022 1058 tamen
1042 1032 1130 1057 extra
1144 1034 1277 1068 corpora
1295 1034 1364 1067 par-

169 1083 260 1123 tium,
272 1083 354 1116 inter
371 1094 453 1127 quos
472 1083 524 1116 vel
543 1092 626 1116 esset
644 1082 786 1127 pertinax
799 1091 831 1116 et
843 1082 1119 1116 indeterminanda
1135 1082 1300 1116 contentio
1313 1081 1365 1115 vel

169 1140 253 1174 credi
277 1151 344 1174 non
367 1150 476 1185 posset
494 1141 569 1175 hinc
588 1141 639 1175 vel
658 1141 732 1174 inde
751 1140 888 1175 defuisse
903 1152 959 1185 per
975 1140 1186 1174 collusionem
1202 1149 1233 1174 et
1251 1140 1364 1173 vitium

169 1197 209 1232 de
223 1198 396 1232 iudicando
413 1198 604 1240 concordia3
624 1199 732 1243 sicque
751 1198 899 1233 facillime
911 1208 1020 1243 posset
1031 1198 1190 1243 posterior
1205 1209 1292 1231 error
1310 1197 1364 1231 de-

168 1257 266 1290 terior
283 1267 352 1291 esse
370 1257 484 1302 priore.
531 1257 669 1302 denique
688 1266 814 1302 tempus
834 1257 915 1291 adeo
931 1257 1067 1301 longum
1087 1255 1125 1290 ad
1141 1256 1364 1301 congregatio-

169 1326 246 1348 nem
257 1315 404 1358 exigitur,
421 1314 510 1359 quod
528 1315 656 1349 interim
674 1315 762 1349 mille
781 1315 886 1349 modis
902 1324 1010 1359 posset
1025 1314 1150 1348 concilii
1163 1314 1364 1358 propositum

169 1372 325 1417 impediri.
371 1373 443 1417 quis
461 1374 558 1407 etiam
576 1374 658 1407 inter
677 1373 883 1407 Christicolas
907 1372 1044 1407 concilio
1067 1372 1177 1406 locum
1201 1371 1289 1406 dabit
1311 1371 1366 1416 qui

169 1431 273 1464 neutri
286 1431 423 1474 partium
440 1431 481 1464 sit
494 1431 686 1475 suspectus?
730 1440 766 1465 ut
778 1431 860 1465 hanc
876 1431 964 1464 viam
977 1439 1100 1464 certum
1111 1431 1152 1464 sit
1169 1441 1230 1464 nec
1242 1429 1364 1463 aditum

170 1498 231 1521 nec
245 1487 368 1522 exitum
387 1487 576 1523 habituram.
625 1488 806 1523 cavendum
828 1498 875 1522 est
894 1497 1035 1533 preterea
1059 1487 1227 1532 diligenter
1249 1487 1283 1520 in
1306 1486 1365 1520 hac

170 1556 264 1579 causa
282 1557 324 1579 ne
342 1545 404 1580 dici
423 1547 522 1591 possit
544 1546 596 1580 vel
613 1546 860 1591 quomodolibet
878 1546 1030 1590 suspicari
1047 1544 1164 1590 aliquid
1183 1544 1365 1589 extorqueri

170 1614 226 1647 per
246 1603 324 1644 vim,
345 1603 476 1638 concedi
488 1604 675 1638 muneribus
694 1604 746 1638 vel
768 1615 824 1649 per
845 1604 980 1648 gratiam
1004 1603 1178 1648 impetrari.
1224 1602 1313 1647 quod
1331 1610 1367 1636 ut

170 1660 226 1694 fiat
237 1670 270 1695 et
281 1661 402 1695 clarum
421 1661 452 1695 in
472 1662 572 1696 oculis
591 1662 751 1703 omnium,
763 1662 856 1696 sicuti
876 1662 1007 1696 materia
1026 1670 1135 1696 nostra
1154 1660 1294 1705 requirit,
1315 1661 1366 1701 sit,

170 1729 239 1752 non
257 1718 374 1753 sufficit
390 1719 478 1764 quod
494 1720 554 1754 ista
572 1731 639 1754 non
650 1719 740 1761 fiant,
752 1720 809 1754 sed
827 1720 1042 1754 necessarium
1057 1728 1105 1753 est
1119 1718 1208 1763 quod
1221 1717 1366 1752 habilitas

229 1828 250 1852 3.
265 1822 384 1852 quonism]
399 1822 419 1846 C
431 1829 500 1852 quam

169 1861 223 1890 isto]
232 1861 288 1884 u-D
294 1861 334 1884 illo

170 1905 286 1931 tamquam
349 1908 357 1924 ι
361 1909 384 1932 3.
399 1902 453 1925 ΔΗ)
465 1906 523 1932 pert.
537 1903 572 1925 vel
587 1902 758 1926 indeterminata

170 1942 255 1971 sliqnid
265 1949 279 1964 e
288 1944 373 1965 omne
386 1941 486 1965 defuisse
498 1948 512 1964 e
525 1949 568 1972 per
582 1942 659 1972 sicque
670 1945 700 1970 (r.
715 1949 727 1965 ι
730 1945 756 1971 5)
767 1943 840 1973 Iegffe
853 1943 886 1966 sie
899 1943 961 1972 quod

171 1981 202 2004 Μ
213 1982 243 2005 Rl
250 1982 270 2005 C
278 1982 333 2004 M-l)
347 1988 391 2005 err.
405 1986 463 2011 post.
568 1983 602 2005 18.
623 1983 676 2006 Μ-Ι)
693 1982 783 2006 concilii
799 1984 863 2006 locus
881 1983 971 2006 dabitur

171 2028 250 2052 ποι).
265 2023 319 2045 Iti-D
332 2022 416 2045 utinam
431 2023 468 2045 fiat
481 2024 509 2045 cl.
519 2040 526 2051 ‚
540 2026 626 2046 omeue
639 2027 661 2046 a

562 1830 588 1850 4.
603 1823 658 1845 Μ-Ι)
671 1822 787 1846 effectibus
848 1830 870 1852 7.
886 1823 913 1846 In
926 1823 999 1852 luogo
1013 1822 1052 1846 del
1063 1823 1142 1852 primo
1155 1822 1197 1844 sub
1217 1820 1246 1844 1.¹
1267 1821 1299 1844 dd
1313 1827 1366 1844 cum

401 1863 422 1885 8.
434 1862 488 1884 Μ-Ζ)
500 1862 543 1885 sub
556 1869 603 1884 um
617 1862 663 1885 ned
726 1869 762 1886 ιο.
777 1863 797 1886 C
808 1863 916 1892 poembit
981 1869 1015 1886 ιι.
1029 1862 1049 1886 C
1058 1862 1112 1885 Μ-ι)
1125 1861 1219 1891 quilibet
1289 1867 1322 1883 η.
1338 1861 1368 1883 Ru*

819 1910 856 1931 ¹4-
870 1903 927 1926 u-D
941 1905 1028 1926 omeue
1041 1909 1087 1925 non
1125 1903 1156 1925 Ri
1162 1902 1227 1924 hcine
1267 1902 1322 1924 M-D
1334 1901 1366 1923 dd

1018 1949 1025 1965 ι
1030 1949 1053 1972 5.
1065 1941 1095 1964 1.ι
1105 1941 1136 1964 dd
1145 1943 1206 1971 dopo
1216 1941 1293 1971 sicque
1303 1947 1334 1963 un
1344 1945 1366 1963 et

1074 1988 1109 2011 ¹9·
1125 1988 1166 2004 nec
1183 1981 1251 2010 udin]
1275 1980 1304 2004 L¹
1324 1986 1367 2003 nou

719 2030 758 2053 ²3.
772 2022 801 2046 1.¹
817 2024 877 2046 sicut
890 2035 902 2041 ·
917 2027 991 2046 vestr-
1030 2022 1072 2052 sit]
1087 2023 1142 2045 Μ-Ι)
1154 2022 1188 2044 sic

171 2130 210 2158 ΕΙ.
221 2130 254 2163 11,
263 2137 326 2163 xm,
335 2130 426 2165 46-50,
436 2139 452 2157 e
465 2130 565 2158 luva«.
578 2131 631 2158 Sat.
641 2130 676 2164 X,
686 2130 746 2164 246

171 2180 231 2208 255,
249 2173 276 2200 al
295 2173 373 2209 quale
391 2173 606 2209 probabilmente
625 2174 648 2201 si
666 2173 747 2200 riferi-

170 2223 216 2242 sce
233 2215 287 2251 qui,
306 2223 386 2242 come
405 2216 450 2251 gia
468 2215 580 2249 altr-ove,
598 2215 618 2243 il
635 2222 745 2249 nomm

170 2264 195 2283 v.
215 2256 260 2284 lib.
279 2256 314 2290 V,
332 2265 372 2292 ep.
393 2264 470 2290 xum
489 2257 509 2290 1,
528 2265 561 2292 72
579 2265 620 2293 sg.

206 2298 248 2332 (1)
267 2298 320 2326 Gia
338 2298 374 2325 fin
393 2298 436 2326 dal
459 2306 526 2335 1394
550 2298 637 2326 infatti
664 2299 745 2327 l'uni·

171 2341 269 2366 versita
278 2339 304 2367 di
314 2340 414 2376 Parigi,
428 2340 471 2368 ch'
479 2341 548 2368 erasi
560 2347 638 2376 posta
651 2350 666 2368 a
678 2350 745 2377 capo

172 2378 217 2406 del
235 2380 402 2408 movimemo
415 2381 443 2407 in
458 2380 552 2408 favore
570 2381 632 2408 dell·
642 2381 745 2408 unione

172 2421 243 2448 della
253 2422 362 2456 chiesa,
368 2431 454 2450 aveva
463 2422 546 2451 eletto
553 2429 594 2450 tra
604 2423 631 2450 le
640 2423 744 2450 infinite

792 2137 920 2167 proposte
939 2136 1086 2166 provocate
1110 2130 1154 2156 dal
1176 2137 1227 2156 suo
1247 2128 1367 2164 appello,

791 2173 816 2200 le
835 2179 875 2200 tre
890 2173 934 2199 cui
952 2172 971 2199 il
985 2172 1014 2199 S.
1027 2172 1124 2204 allude,
1136 2171 1276 2206 designate
1287 2178 1366 2197 come

789 2214 815 2241 le
843 2214 887 2250 piu
915 2213 1047 2250 plausibili
1066 2213 1138 2240 dalla
1163 2212 1365 2248 maggioranza.

790 2255 835 2282 Ma
845 2255 913 2282 sulla
923 2261 996 2291 pane
1007 2260 1087 2281 avuta
1099 2252 1310 2280 dall'universita
1319 2261 1366 2289 pa-

790 2297 877 2333 rigina
903 2297 931 2323 in
950 2297 1011 2323 tutti
1029 2296 1116 2332 questi
1143 2294 1268 2322 tentativi
1295 2294 1365 2322 basti

790 2339 906 2365 rinviare
916 2337 1043 2374 au’opera
1055 2337 1081 2364 di
1093 2337 1126 2364 C.
1136 2337 1165 2363 E.
1178 2337 1225 2364 Du
1237 2336 1365 2369 ΒουιΑγ,

789 2381 904 2408 Historia
927 2381 1037 2408 univers.
1062 2379 1217 2412 parisiensis,
1239 2378 1364 2406 Lutetiae

790 2423 924 2457 Parisior„
939 2430 1098 2457 unezxvm,
1114 2421 1175 2456 1111,
1190 2421 1240 2457 685
1261 2429 1319 2458 sgg.

1418 387 1452 408 Hs
1472 387 1487 408 1’
1493 388 1605 408 universim&

1391 414 1411 434 di
1420 414 1488 441 Parigi
1496 415 1522 435 hs
1529 415 1564 441 gis
1571 415 1605 435 sd-

1391 441 1457 461 dimo
1465 445 1496 462 tre
1503 441 1555 462 altre
1563 443 1603 463 vie.

1417 468 1484 488 Prim-
1494 468 1562 495 quells
1570 468 1602 488 del

1391 501 1554 521 eompromesso,
1567 495 1604 515 che

1391 522 1403 541 ὲ
1411 521 1432 541 d'
1438 522 1556 542 nmatione
1566 522 1604 541 im-

1390 548 1497 575 possibile,

1391 615 1480 635 seconcia
1493 614 1560 642 quella
1569 613 1602 635 del

1392 641 1480 662 concilio
1499 641 1603 668 geumle,

1392 668 1428 688 che
1449 669 1497 689 tutti
1518 668 1603 688 domnn-

1391 695 1454 719 duo,
1469 701 1502 715 ωι
1519 695 1556 715 :he
1570 694 1602 715 of-

1391 721 1423 742 fre
1433 722 1488 748 κτενί
1497 721 1603 746 difficolu,

1405 974 1486 990 resena
1493 970 1605 990 occasione

1391 996 1411 1027 d}
1429 996 1482 1028 litigi
1500 997 1603 1024 pericolu-

1392 1029 1468 1043 iiiiii

1392 1253 1418 1273 ιὰ
1427 1255 1456 1274 esi
1497 1261 1524 1275 un
1534 1259 1604 1281 tempo

1392 1261 1536 1308 lunghffiimo.

1419 1485 1482 1506 Deesi
1489 1485 1567 1505 evitare
1575 1485 1605 1505 in-

1393 1511 1439 1532 sani
1451 1513 1501 1539 ogni
1511 1517 1605 1539 sospena

1393 1539 1413 1559 di
1433 1539 1531 1559 comune
1552 1545 1566 1559 ο
1585 1538 1605 1559 dl

1394 1566 1529 1590 εοπιιιίοοες
