1682 2762
116 441 143 461 D·
161 441 256 461 niti-ond:
283 442 302 461 ei

89 475 132 489 non
154 473 214 488 tom·
233 469 274 488 mni
291 475 303 488 a

88 495 168 523 palare
180 495 234 516 delle
244 502 302 515 muse

89 522 200 548 succine,

88 616 109 638 le
128 616 182 644 quali
203 622 245 636 non
266 622 301 636 vo-

89 644 162 672 gliono
191 644 211 663 ia
221 649 301 674 uppre-

88 676 169 691 tentare
192 677 204 690 ι
222 676 300 697 poesia.

89 698 110 718 in
133 704 217 725 genere,
241 703 301 716 come

88 725 160 745 tduuo
180 724 300 744 fal-amente

87 752 153 775 crede,
164 758 197 771 ma
207 750 299 771 solunte

87 778 155 806 quella
163 778 200 798 che
207 779 217 797 ὲ
226 777 301 798 lasciva

87 812 98 825 e
113 805 274 832 conompin-ice.

113 1141 142 1161 La
160 1146 209 1161 vern
229 1140 301 1167 poesin

86 1169 158 1189 invece
175 1174 222 1188 rec:
242 1167 299 1187 aiulo

86 1195 169 1216 effic-ce
178 1194 219 1214 ιΙΙι
228 1193 300 1214 filoso-

86 1222 121 1247 fln,
143 1228 202 1242 come
226 1227 252 1241 ne
275 1221 301 1241 da

86 1255 151 1277 prove
164 1248 255 1273 0nzio;

86 1618 164 1643 alethe,
169 1624 230 1638 come
237 1624 301 1644 quan-

86 1645 114 1666 do
133 1645 158 1665 -la
177 1651 222 1665 essa
239 1645 256 1665 si
271 1645 301 1665 di—

87 1677 157 1693 :costa
170 1673 182 1692 ὲ
196 1673 263 1701 degne
279 1672 300 1693 di

87 1699 185 1724 biuimo,

88 1946 161 1966 mei-iu
171 1945 219 1967 lode
233 1946 300 1967 ullor:

89 1973 127 1993 che
150 1980 175 1993 ue
200 1973 257 1994 ulcu
281 1974 300 1994 le

87 2006 153 2021 orme.

114 2027 163 2047 Nou
170 2027 222 2048 deve
230 2027 301 2048 inf-ui

87 2053 107 2073 la
117 2056 189 2080 poesin
196 2055 258 2075 mir-r
267 2061 301 2075 so-

88 2080 110 2100 lo
124 2087 136 2101 a
150 2081 252 2106 dilatrare,
268 2089 301 2102 rna

88 2108 152 2128 nuche
166 2109 192 2128 nd
204 2108 288 2130 istruire

330 245 396 288 484
755 251 1101 280 EPISTOLARIO

333 379 466 412 mestior
495 378 621 411 vultum
652 377 882 422 confessusque
913 377 1028 411 rubore
1059 378 1286 412 verecundiam
1315 377 1413 411 limen
1437 377 1534 411 tristis

331 438 467 471 excessit
478 437 523 469 (¹).
571 445 602 469 et
625 435 755 480 quando
777 436 829 470 vel
847 435 901 470 ubi
919 437 1056 481 reperies
1075 448 1132 481 per
1150 437 1249 470 totius
1272 436 1341 470 libri
1365 445 1533 470 tractatum

330 496 435 540 ipsum
461 494 610 528 Boetium
635 495 675 528 ad
698 494 730 528 id
754 507 857 540 genus
881 495 1031 529 carminis
1051 506 1125 529 curn
1149 495 1246 529 simili
1263 495 1468 540 querimonia
1485 506 1534 528 re-

330 554 474 588 divisse?
519 563 554 588 ut
577 565 645 587 non
669 553 798 587 videam
821 553 899 598 quid
922 553 1058 588 levitatis
1083 554 1206 588 auctori
1223 553 1417 599 gravissimo
1433 552 1535 598 possit

329 613 463 657 imponi,
487 612 623 657 quanvis
650 612 770 646 multos
797 612 932 646 viderim
959 613 1144 657 ignorantes
1169 612 1423 657 increpationem
1446 611 1534 646 illam

330 682 495 705 musarum
519 670 559 704 ad
582 671 798 715 ignominiam
823 671 947 715 poetice
974 683 1136 712 revocare,
1156 683 1269 716 parum
1294 671 1534 706 considerantes

329 729 464 763 verbum
483 729 574 763 illud:
600 730 744 774 meisque
761 741 838 763 eum
858 730 957 764 musis
974 730 1150 764 curandum
1170 729 1416 775 sanandumque
1439 729 1534 764 relin-

328 788 415 832 quite
426 801 435 829 ;
454 788 543 833 quod
567 788 699 833 quidem
720 788 758 822 ab
775 789 865 822 omni
890 788 1049 822 calumnia
1064 788 1191 833 poesim
1211 787 1354 822 vindicat
1369 798 1400 822 et
1416 797 1533 822 tuetur.

329 847 450 880 etenim
473 847 587 880 eadem
611 847 820 892 Philosophia
848 859 924 881 cum
948 847 1098 881 dixisset:
1124 847 1204 881 adsit
1227 847 1386 881 rethorice
1405 846 1534 882 suadela

327 904 517 946 dulcedinis,
529 917 592 950 que
611 916 688 940 tunc
707 915 834 940 tantum
849 915 936 940 recto
954 906 1032 945 calle
1051 906 1206 951 procedit,
1224 918 1299 940 cum
1313 906 1459 941 instituta
1473 917 1535 940 no·

327 972 391 998 stra
414 975 482 997 non
502 963 618 998 deserit
643 975 782 1009 cumque
805 964 866 998 hac
891 964 1014 999 musica
1033 965 1104 998 laris
1131 965 1233 998 nostri
1254 965 1428 1014 vernacula
1446 975 1534 999 nunc

327 1021 464 1056 leviores
483 1034 570 1056 nunc
589 1023 751 1068 graviores
769 1022 886 1057 modos
906 1024 1048 1057 succinat
1059 1023 1113 1065 (²);
1134 1024 1293 1058 musicam
1310 1022 1390 1057 dixit
1404 1032 1535 1068 propter

328 1081 501 1125 poeticam,
521 1081 571 1115 cui
590 1081 754 1126 proprium
778 1091 826 1115 est
846 1081 1039 1115 carminibus
1063 1093 1191 1127 semper
1209 1082 1266 1116 uti.
1312 1081 1403 1126 quod
1425 1090 1533 1116 autem

327 1139 533 1184 philosophia
555 1140 717 1184 poeticam
741 1140 882 1186 impleat,
901 1140 975 1174 audi
1002 1140 1079 1185 quid
1107 1140 1204 1174 huius
1228 1141 1362 1175 scientie
1383 1150 1534 1187 precepta

328 1197 455 1232 tradens
480 1198 612 1233 Flaccus
635 1208 759 1233 monet.
807 1198 927 1233 docens
951 1199 1050 1242 enim,

472 1273 552 1301 Unde
571 1281 697 1310 parentur
715 1283 789 1310 opes,
808 1275 870 1311 quid
891 1274 945 1302 alat
963 1274 1114 1311 formetque
1133 1281 1254 1311 poetam,

473 1322 548 1355 Quid
569 1324 671 1358 deceat,
691 1324 755 1360 quid
774 1333 840 1357 non,
859 1333 915 1361 quo
934 1325 1029 1358 virtus,
1048 1332 1104 1361 quo
1123 1324 1192 1352 serat
1211 1332 1285 1352 error
1294 1324 1345 1357 (³);

327 1407 483 1442 subinfert
493 1420 501 1442 ε

471 1485 612 1513 Scribendi
631 1492 705 1514 recte
724 1494 819 1522 sapere
839 1492 878 1514 est
897 1492 925 1514 et
943 1486 1105 1523 principium
1125 1492 1152 1513 et
1170 1485 1245 1513 fons:

471 1535 541 1562 Rem
561 1535 608 1562 tibi
627 1535 760 1563 socratice
780 1541 908 1572 poterunt
927 1536 1070 1563 ostendere
1090 1542 1164 1563 carte
1179 1535 1224 1563 (4).

329 1630 470 1653 comune
493 1619 624 1664 quidem
649 1629 697 1654 est
720 1629 786 1653 tam
809 1619 969 1654 rethorice
993 1631 1091 1664 quam
1115 1620 1215 1665 poesi,
1239 1629 1276 1654 ut
1301 1629 1378 1654 tunc
1405 1629 1532 1655 tantum

328 1687 414 1712 recto
432 1677 509 1712 calle
529 1678 714 1723 procedant,
730 1690 804 1712 cum
828 1678 1042 1724 philosophie,
1060 1678 1123 1712 hoc
1140 1688 1187 1713 est
1206 1678 1374 1724 sapientie,
1389 1679 1533 1714 instituta

329 1748 396 1770 non
412 1736 578 1778 deserunt;
593 1746 638 1778 ut,
655 1737 736 1771 sicut
752 1736 1000 1782 vituperandum
1017 1747 1064 1771 est
1083 1748 1212 1782 poema,
1224 1737 1314 1782 quod
1328 1728 1533 1782 philosophie

328 1804 477 1840 precepta
501 1806 568 1829 non
591 1795 724 1837 redolet,
749 1804 781 1829 et

613 1881 708 1900 versus
727 1873 821 1908 inopes
838 1881 930 1900 rerum
949 1881 1077 1909 nugeque
1097 1881 1196 1899 canore
1204 1871 1249 1905 (5),

405 1921 413 1934 ι

328 1957 375 1990 sic
397 1957 596 1991 laudandum
619 1957 707 2002 quod
739 1958 828 1991 iuxta
858 1957 1063 2002 philosophie
1091 1958 1250 1992 rationem
1283 1969 1412 1992 carmen
1442 1969 1533 1992 com·

328 2016 471 2060 positum
504 2025 561 2050 est.
617 2028 693 2050 nam
719 2027 793 2050 cum
820 2016 970 2061 prodesse
993 2017 1094 2050 velint
1117 2026 1172 2050 aut
1195 2016 1352 2051 delectare
1375 2026 1471 2062 poete
1486 2016 1532 2058 (⁶),

329 2074 416 2119 quod
440 2074 547 2108 solum
566 2074 605 2108 ad
621 2069 874 2109 'delectationem
895 2084 1026 2119 spectat,
1042 2075 1068 2108 si
1084 2075 1125 2108 sit
1140 2075 1343 2119 passionibus
1357 2074 1532 2109 excitandis

329 2133 557 2174 accomodum,
581 2132 674 2178 quale
697 2132 830 2178 quidem
854 2142 920 2167 erat
947 2133 1088 2178 primum
1113 2133 1190 2167 illud
1215 2133 1319 2167 Boetii
1349 2141 1490 2174 carmen,
1514 2144 1533 2167 a

381 2255 404 2278 7.
420 2248 497 2272 M²G¹
512 2256 565 2272 cum
619 2256 643 2279 9.
658 2248 690 2272 G¹
706 2249 764 2272 absit
821 2256 853 2279 ¹9·
868 2247 905 2272 Μ2
917 2248 949 2272 G¹
964 2251 1083 2272 omettono
1096 2253 1119 2271 et
1133 2249 1193 2278 dopo
1207 2252 1242 2271 est

363 2347 405 2382 (1)
426 2347 513 2375 Βοετ.
529 2347 594 2375 Phil.
614 2355 680 2375 cons.
699 2347 720 2381 Ι,
738 2355 758 2380 1,
776 2355 819 2380 40.

362 2389 405 2424 (2)
425 2390 513 2417 Boe-r.
532 2399 575 2426 op.
595 2390 638 2417 cit.
658 2390 692 2422 ΙΙ,
712 2398 731 2423 1,
750 2397 793 2418 20.

361 2432 404 2467 (3)
423 2432 537 2460 nonu.
557 2433 605 2468 Ep.
625 2433 658 2466 11,
674 2440 714 2466 111,
735 2432 868 2468 307-308.

987 2346 1030 2382 (4)
1050 2346 1088 2374 Id.
1107 2346 1172 2373 ibid.
1194 2353 1325 2381 309-310.

986 2390 1028 2425 (5)
1047 2390 1086 2417 Id.
1101 2389 1164 2416 ibid.
1182 2396 1241 2424 322.

986 2431 1030 2467 (6)
1047 2432 1086 2460 ld.
1106 2432 1168 2459 ibid.
1191 2440 1202 2467 3
1208 2439 1248 2467 33·

1562 619 1580 652 5

1566 910 1605 935 10

1565 1202 1602 1235 15

1561 1532 1605 1557 20

1560 1872 1602 1907 25
