1696 2782
76 961 116 986 10

78 1251 114 1285 ¹5

73 1551 117 1576 20

75 1838 115 1872 25

77 2130 120 2165 30

409 305 457 332 DI
488 305 754 334 COLUCCIO
786 305 1059 333 SALUTATI.

1299 307 1341 339 47

142 441 339 476 cognoscere
357 439 516 474 quantum
538 430 648 464 erres?
694 429 859 464 considera
879 440 986 463 tecum
1004 440 1078 462 cum
1098 427 1263 473 diligentia
1278 439 1342 472 que

141 488 306 532 scripsisti3
330 489 476 522 invenies
498 498 530 522 te
553 488 608 522 tibi
632 499 700 522 non
724 487 887 522 diversum
906 486 1127 527 solummodo,
1143 486 1200 520 sed
1220 496 1342 520 contra-

142 546 236 580 rium.
282 546 361 580 nolo
385 546 484 581 michi
507 546 616 581 credas
637 558 696 580 nec
715 547 812 581 etiam
837 546 909 587 tibi;
932 545 988 580 sed
1012 557 1049 580 ea
1072 557 1135 590 que
1159 545 1342 579 malesanus

142 604 292 649 loqueris,
314 615 529 649 recognosce:
553 604 680 638 addisce
699 604 844 649 profecto
863 604 919 638 tibi
935 616 1002 638 non
1021 603 1160 644 credere,
1180 603 1236 637 sed
1261 603 1342 637 veri·

143 663 211 697 tati.
258 662 337 697 dicis
360 663 465 696 enim:
490 664 598 696 omnis
631 674 723 697 amor
745 675 785 696 ex
809 663 926 697 virtute
951 671 1106 696 causatur.
1155 673 1247 695 amor
1265 673 1343 706 ergo

142 721 278 766 pecunie
296 730 329 755 et
344 732 436 763 amor
454 721 556 766 glorie
567 722 666 756 etiam
685 722 788 755 inanis
804 731 836 755 et
851 732 943 755 amor
962 721 1013 754 ille
1029 720 1230 761 libidinosus,
1245 731 1342 764 quern

143 788 178 814 tu
201 779 389 814 auctoritate
413 779 557 814 Maronis
576 779 694 814 durum
716 790 814 813 vocas
826 779 873 819 (¹),
897 791 916 812 a
939 779 1056 813 virtute
1076 779 1242 822 provenit;
1266 789 1344 822 ergo

144 836 331 872 virtuosus?
376 837 477 879 vides,
500 847 592 882 pute,
614 847 670 872 tue
688 838 917 882 propositionis
941 848 1081 871 errorem
1101 845 1133 870 et
1151 835 1191 869 ad
1211 848 1343 870 excusa-

142 894 266 929 tionem
286 905 376 930 tuam
394 895 513 941 inquis:
534 895 591 929 sed
611 896 679 930 vim
698 905 810 930 nature
829 906 977 940 superare
997 906 1064 928 non
1079 905 1263 939 possumus.
1302 893 1345 927 fa·

142 962 215 988 teor
232 963 343 988 nature
360 955 590 995 necessitantis,
611 965 678 988 non
697 963 806 988 autem
825 954 1007 988 inclinantis
1022 953 1139 987 solum.
1187 964 1254 986 non
1270 963 1344 997 pos-

142 1023 256 1046 sumus
278 1013 367 1047 enim
390 1011 573 1047 refectionis
600 1022 632 1046 et
662 1013 782 1047 somnii
805 1012 963 1047 naturales
988 1012 1193 1045 necessitates
1217 1012 1344 1055 penitus

141 1081 307 1115 superare;
330 1070 388 1105 sed
411 1070 634 1105 inclinationes
658 1070 697 1104 ad
718 1070 779 1104 hoc
804 1069 853 1104 vel
879 1069 919 1104 ad
948 1069 1036 1111 illud,
1060 1068 1148 1114 quod
1172 1081 1211 1103 ex
1237 1078 1345 1102 nostra
1372 1078 1384 1098 ιι

143 1129 281 1174 pendeat
304 1129 484 1169 voluntate,
508 1130 636 1163 vincere
658 1139 692 1163 et
711 1129 800 1164 aliter
823 1127 1020 1163 assuefacere
1043 1129 1112 1162 sine
1144 1127 1345 1162 dubitatione

144 1187 299 1222 valemus.
346 1187 459 1222 influat
475 1187 549 1222 licet
571 1187 679 1222 celum
698 1199 735 1222 ac
752 1197 863 1232 urgeat
882 1187 950 1232 ipsa
969 1186 1156 1231 complexio
1172 1195 1204 1220 et
1219 1185 1345 1219 firmate

144 1245 386 1280 consuetudinis
400 1246 498 1280 etiam
514 1245 641 1280 habitus
661 1256 768 1291 cogat,
792 1245 907 1280 licebit.
953 1246 1080 1290 sapiens
1103 1254 1225 1285 tamen,
1243 1253 1278 1278 ut
1293 1243 1346 1277 ille

142 1303 248 1349 inquit
258 1303 304 1344 θ),
323 1302 542 1338 dominabitur
560 1305 660 1338 astris.
698 1314 733 1338 ut
747 1303 899 1349 quicquid
913 1304 943 1338 in
965 1303 1027 1337 boc
1047 1303 1116 1336 vitii
1129 1312 1187 1343 est,
1204 1313 1271 1336 non
1289 1313 1345 1336 ne-

144 1362 281 1396 cessitati
300 1371 423 1404 nature,
446 1361 503 1396 sed
527 1362 675 1407 eligentis
694 1362 870 1397 voluntatis
889 1362 1035 1407 pravitati
1050 1360 1165 1395 debeat
1187 1370 1219 1395 et
1242 1361 1344 1405 possit

143 1419 266 1455 ascribi.
313 1432 374 1455 nec
397 1430 428 1455 te
451 1420 491 1455 ab
510 1420 572 1455 illis
591 1420 771 1462 virtutibus,
787 1421 820 1455 in
844 1431 924 1466 quas
947 1429 979 1454 te
995 1431 1052 1465 per
1072 1419 1252 1453 lohannam
1273 1418 1344 1464 glo-

143 1479 231 1513 riaris
249 1491 320 1514 esse
342 1479 542 1521 translatum,
561 1480 644 1514 sicut
662 1480 780 1525 arguis,
801 1479 920 1524 eripio;
943 1478 1000 1513 sed
1019 1478 1086 1512 illas
1112 1490 1178 1512 non
1195 1489 1266 1511 esse
1282 1478 1343 1511 vir-

143 1545 240 1578 tutes,
254 1548 333 1572 vero
346 1537 412 1572 fine
427 1549 495 1573 non
513 1539 691 1584 proposito,
710 1538 767 1572 sed
787 1538 932 1579 dimisso,
951 1549 1025 1572 vera
1045 1537 1282 1581 clarissimaque
1301 1535 1345 1570 di-

142 1596 326 1641 sputatione
350 1596 534 1639 contendo;
558 1606 593 1631 ut
615 1598 650 1632 in
673 1608 748 1631 vere
765 1597 890 1631 virtutis
905 1606 1026 1631 statum
1041 1605 1072 1630 te
1087 1595 1190 1641 possis
1207 1595 1329 1639 erigere
1335 1607 1345 1636 3

143 1653 232 1700 quod
254 1654 282 1689 si
305 1653 427 1696 feceris,
452 1654 545 1689 crede
563 1655 673 1696 michi,
693 1654 876 1690 Iohannam
900 1654 1078 1694 dimittens,
1094 1654 1184 1688 aliter
1202 1665 1275 1687 eam
1299 1652 1345 1687 di-

143 1711 223 1758 liges
241 1712 525 1758 moderantiusque
548 1713 680 1748 amabis.
727 1713 880 1758 deciperis
904 1722 1012 1747 autem
1035 1713 1141 1757 specie
1164 1712 1241 1746 recti
1257 1712 1292 1739 (³)
1315 1721 1347 1746 et

146 1770 293 1805 umbram
322 1771 594 1816 simulacrumque
628 1771 754 1806 virtutis
784 1772 935 1806 virtutem
961 1770 1093 1806 iudicas.
1151 1781 1215 1804 una
1241 1779 1289 1803 est
1313 1770 1347 1804 in

145 1828 299 1863 societate
318 1828 503 1863 mortalium
527 1830 711 1863 communis
731 1829 842 1870 virtus,
862 1839 895 1863 ut
915 1841 975 1863 nos
998 1829 1140 1863 invicem
1157 1827 1346 1872 diligamus;

146 1886 218 1932 plus
233 1895 342 1921 autem
365 1886 417 1921 vel
435 1887 544 1921 minus
573 1886 725 1921 amabiles
749 1898 810 1920 nos
833 1887 934 1921 virtus
960 1887 1028 1921 sola
1054 1886 1128 1921 facit
1136 1900 1146 1929 ;
1170 1897 1205 1921 ut
1227 1896 1260 1921 te
1279 1897 1346 1920 non

145 1944 274 1979 credam
293 1944 376 1980 adeo
387 1944 543 1990 desipere,
559 1945 638 1990 quin
653 1946 738 1980 inter
753 1946 904 1980 mortales
920 1945 1102 1981 confitearis
1117 1948 1346 1981 virtuosiorem

147 2002 208 2038 hac
229 2012 285 2038 tua
308 2002 454 2038 Iohanna
477 2002 616 2048 aliquam
640 2003 693 2038 vel
716 2003 856 2048 aliquem
880 2004 1026 2049 reperiri;
1049 2014 1085 2039 ut
1103 2004 1269 2050 culpabilis
1293 2005 1346 2046 sis,

145 2062 172 2095 si
195 2061 268 2096 illos
292 2062 396 2107 magis
419 2062 478 2095 ista
501 2072 567 2096 non
593 2061 720 2106 diligas;
739 2072 776 2096 ut
799 2073 883 2103 eam,
906 2062 989 2097 sicut
1017 2062 1105 2104 dicis,
1129 2062 1217 2108 quod
1238 2073 1347 2098 tamen

146 2130 217 2154 esse
232 2130 300 2153 non
320 2118 426 2160 credo,
445 2118 503 2154 tibi
517 2118 616 2154 fatear
631 2120 819 2154 virtuosam.
866 2119 959 2154 crede
973 2120 1084 2160 michi,
1103 2120 1201 2166 longe
1221 2121 1347 2162 melius,

146 2177 244 2211 tutius
256 2187 351 2223 atque
365 2176 522 2212 salubrius
533 2187 565 2212 te
584 2189 719 2218 carcere,
734 2189 800 2223 quo
817 2179 944 2219 teneris,
960 2179 1086 2219 emitto,
1099 2190 1197 2224 quam
1220 2179 1347 2214 Icarum

200 2293 430 2323 amend-decipe·

183 2395 228 2432 (ι)
245 2395 335 2424 Vno.
355 2396 446 2433 θοοῖς.
465 2396 513 2430 111,
531 2404 591 2433 ²59·
771 2396 823 2423 che
841 2396 869 2423 io
887 2404 943 2423 non
957 2396 1045 2424 riesco
1060 2398 1126 2432 pero
1142 2404 1158 2423 a
1172 2396 1307 2424 rinvenire
1320 2397 1347 2423 in

183 2439 227 2474 (a)
246 2438 315 2467 Cio&
331 2438 479 2473 Tolomeo,
492 2439 517 2466 al
536 2439 617 2476 quale
631 2439 727 2467 s'attri-
771 2438 868 2466 alcuna
876 2438 948 2466 delle
957 2447 1006 2466 sue
1015 2447 1098 2475 opere
1111 2447 1174 2467 vere
1183 2447 1201 2466 o
1210 2444 1348 2475 supposte.

148 2481 229 2509 buiva
246 2481 292 2510 nel
310 2481 402 2510 medio
413 2489 466 2510 evo
480 2488 576 2518 questa
588 2487 726 2516 senoenza,
806 2482 848 2516 (3)
868 2480 912 2508 Cf.
927 2481 1043 2510 Ηοιυιτ,
1060 2482 1108 2518 Ep.
1126 2481 1174 2515 111,
1193 2490 1223 2515 u,
1244 2489 1285 2516 ²5-

1396 434 1478 455 Riflem
1495 441 1507 454 a
1528 439 1583 455 tuno

1369 461 1403 482 cio
1418 461 1547 489 Peuegrin03

1369 546 1450 579 rileggu
1463 547 1498 567 cio
1511 546 1549 566 che
1558 546 1584 566 ha

1369 579 1445 594 semro

1370 734 1382 748 e
1405 728 1515 748 ricouoeca
1538 726 1585 746 l'ers

1370 761 1416 775 rote
1431 755 1452 775 in
1469 755 1503 774 cui
1520 755 1532 774 ὁ
1552 760 1585 774 ca-

1371 782 1430 805 dmo.
1446 781 1533 802 diceudo
1547 780 1585 800 Ιί-

1370 815 1427 828 more
1435 814 1521 828 umen
1530 807 1585 827 dalla

1371 835 1432 856 vino,

1397 897 1430 918 Ne
1453 896 1533 917 affatui
1547 897 1585 917 ebe

1371 924 1453 945 l'uomo
1467 925 1479 943 ὁ
1489 925 1586 951 ine-pace

1370 951 1390 971 di
1405 951 1485 971 vincere
1505 950 1524 970 le
1539 957 1586 977 pro-

1371 978 1416 1010 prie
1427 977 1516 998 naturali
1528 977 1586 998 incli-

1371 1011 1464 1029 annom,

1385 1070 1448 1091 und'
1458 1070 1531 1091 {nnec
1566 1070 1586 1091 la

1372 1098 1459 1118 volunta
1473 1098 1515 1125 puo
1531 1102 1586 1118 nme

1372 1124 1544 1152 ignorewarle.

1400 1419 1445 1447 unu
1466 1425 1509 1440 noa
1524 1425 1587 1446 usne

1373 1451 1469 1474 pert-nto
1490 1446 1510 1466 h
1523 1447 1586 1470 virtu.

1374 1480 1433 1494 cone
1447 1473 1516 1498 aeda,

1374 1715 1434 1735 boui
1454 1714 1469 1734 l'
1476 1714 1548 1735 embra
1567 1714 1588 1734 di

1375 1748 1427 1762 ena,

1401 1768 1451 1789 801·
1477 1769 1531 1789 vinu
1553 1773 1589 1795 per

1374 1795 1390 1816 l'
1400 1801 1464 1816 nouo
1491 1795 1505 1815 Ι’
1515 1801 1588 1815 more

1374 1829 1434 1844 mo
1443 1823 1449 1843 i
1460 1822 1507 1843 mol
1516 1821 1588 1846 nimiu,

1374 1856 1398 1870 κ
1410 1850 1472 1877 degni
1486 1849 1507 1869 α’
1515 1847 1588 1869 animo

1375 1883 1412 1904 per
1425 1877 1432 1897 l
1445 1876 1513 1897 ndu
1531 1875 1587 1896 loro.
