1682 2762
442 261 489 288 DI
521 261 782 290 COLUCCIO
808 262 1071 290 SALUTATI.
1291 264 1351 288 201

165 387 259 422 unica
268 399 384 432 sponsa
404 387 546 422 Christi?
591 388 662 432 quis
674 399 741 421 non
758 388 864 422 credat
878 399 934 421 eos
946 399 1013 422 non
1027 389 1223 423 conscientia
1236 398 1356 430 motos,

164 444 220 478 sed
243 445 294 478 vel
312 445 388 478 odio
407 446 549 479 nominis
568 446 663 479 italici
679 446 732 479 vel
744 446 850 480 studio
862 447 990 490 proprie
1009 447 1146 480 nationis
1169 446 1220 480 vel
1236 447 1355 481 summi

163 502 368 546 pontificatus
391 502 577 544 ambitione,
601 503 680 537 dum
702 503 834 548 quilibet
856 504 947 537 illum
970 504 1028 538 sibi
1051 515 1145 548 posse
1169 505 1356 549 contingere

164 559 392 601 blandiebatur,
409 569 443 594 ut
462 571 480 593 a
495 561 599 604 primo
619 561 818 595 discederent
841 561 1038 606 alterumque
1062 562 1269 596 crearent?(¹)
1314 573 1355 596 an

163 618 290 651 sibimet
310 629 419 652 secum
443 619 619 662 cogitantes
642 618 874 663 persuadebant
897 619 936 652 ad
965 620 1109 663 ipsorum
1141 620 1354 654 mutationem

163 675 244 709 adeo
267 674 357 709 facile
381 675 493 709 mundi
515 676 671 721 principes
695 685 726 710 et
747 676 885 721 populos
908 688 942 710 se
970 677 1116 710 mutare?
1160 689 1201 711 an
1229 678 1355 722 ignora-

164 733 240 767 bant
261 744 359 777 quam
381 732 507 767 difficile
529 735 569 767 sit
591 733 721 778 aliquod
744 734 932 778 persuadere
952 735 1146 768 contrarium
1174 735 1355 779 persuasis?

162 791 232 836 quis
246 802 314 825 non
334 790 421 825 videt
435 791 521 825 hunc
539 803 679 825 errorem
695 792 846 836 supinum
861 801 893 825 et
909 802 1050 825 crassum
1069 791 1108 826 de
1124 793 1222 826 nimia
1237 793 1355 826 suimet

115 882 121 887 ,
162 860 230 883 non
251 848 378 889 fiducia,
401 849 457 884 sed
482 849 685 890 confidentia,
708 861 749 883 ne
773 849 878 883 dicam
905 849 1101 893 malignitate
1126 850 1178 883 vel
1208 850 1354 894 superbia

96 898 135 942 1'0

95 1206 132 1240 ¹5

161 907 376 953 processisse?
423 916 594 951 antequam
611 907 771 947 Urbanus,
783 916 820 940 ut
831 915 896 941 erat
908 916 1019 941 natura
1031 908 1172 941 severior
1179 907 1224 948 (²),
1237 908 1356 952 incepit

161 965 233 999 illos
255 964 519 1009 reprehendendo
542 964 699 1005 mordere,
721 967 838 998 ‘cuncta
860 963 1015 998 tacebant.
1070 975 1164 999 verus
1182 973 1249 998 erat
1272 976 1353 1009 pon-

160 1022 249 1063 tifex,
272 1034 365 1057 verus
389 1022 508 1056 Christi
532 1023 668 1056 vicarius
691 1031 723 1056 et
748 1022 829 1056 adeo
845 1033 930 1062 vere,
946 1021 1033 1066 quod
1049 1022 1217 1066 impetrare
1236 1023 1353 1067 gratias

161 1080 336 1126 spirituales
366 1090 398 1114 et
421 1080 638 1114 absolutiones
662 1081 694 1113 in
717 1080 828 1114 mortis
852 1080 984 1114 articulo
1013 1080 1235 1125 completaque
1257 1092 1353 1125 super

161 1138 225 1172 hoc
251 1138 367 1173 habere
397 1138 560 1183 privilegia
591 1137 723 1182 quilibet
749 1147 926 1172 conaretur.
978 1147 1150 1182 postquam
1182 1147 1290 1172 autem
1316 1149 1350 1172 se

161 1196 315 1230 maiorem
333 1195 392 1230 illis
408 1195 525 1240 incepit
536 1195 715 1236 ostendere,
727 1197 842 1230 vitiosa
857 1195 916 1230 fuit
931 1195 1055 1236 electio,
1067 1208 1134 1230 non
1149 1195 1244 1230 libere
1257 1195 1350 1237 facta,

159 1253 216 1288 sed
234 1265 291 1298 per
307 1263 432 1287 metum
455 1262 590 1294 extorta,
605 1253 695 1298 quasi
714 1264 782 1287 non
798 1254 960 1297 potuerint
983 1254 1016 1287 in
1040 1253 1095 1287 illo
1113 1253 1264 1294 tumultu,
1284 1265 1349 1298 quo

160 1311 266 1346 nullus
277 1311 478 1357 singulariter
490 1311 664 1356 petebatur,
679 1311 836 1345 liberrime
848 1311 1021 1356 quenpiam
1036 1311 1153 1356 eligere
1171 1311 1232 1353 vel,
1249 1312 1275 1346 si
1290 1312 1348 1345 viri

212 1437 233 1454 a.
247 1429 278 1453 ι’
293 1430 319 1454 it.
332 1436 394 1453 nom.

457 1431 570 1460 3-1’002]
584 1428 613 1452 1-¹
628 1434 748 1460 tmuium

808 1437 833 1458 4.
849 1429 902 1453 ΜΒ
915 1433 938 1453 et
951 1430 1045 1453 alterum
1109 1437 1131 1460 5.
1146 1430 1200 1452 MD
1213 1430 1348 1453 mantione·

160 1476 183 1499 7.
193 1470 248 1493 ΔΗ)
255 1470 340 1500 aliquid
349 1470 380 1493 ed
388 1470 484 1498 tumui
492 1476 507 1492 a
516 1469 630 1498 persuasi·
637 1475 700 1499 agg.
711 1469 756 1492 iam
802 1470 824 1493 8.
835 1469 908 1498 videt]
917 1468 947 1492 ι’
958 1468 1019 1492 lubet
1067 1475 1102 1493 ιο.
1113 1469 1307 1498 &prefer-{reue
1316 1469 1349 1492 in-

158 1511 242 1540 ceperit
254 1509 399 1539 vincepiscet
455 1510 601 1532 tuM-Deos

157 1556 299 1580 quemquam

191 1662 236 1698 (ι)
253 1661 333 1690 Nella
351 1663 481 1689 succinta
508 1670 550 1698 ep.
581 1661 729 1690 Cardin.

157 1705 224 1732 An.
244 1713 296 1732 ex.
313 1704 332 1731 il
352 1703 380 1731 S.
407 1712 464 1731 non
485 1703 623 1731 adduceva
651 1711 729 1731 come

157 1755 222 1773 vera
240 1747 355 1781 cagione
374 1745 448 1773 dello
460 1746 558 1773 scisma
571 1754 600 1772 se
609 1753 663 1772 non
677 1745 729 1772 che

157 1787 174 1815 1·
182 1788 382 1815 abborrimento
392 1788 434 1814 de'
441 1787 567 1814 Francesi
576 1795 623 1823 per
632 1787 651 1814 il
661 1795 730 1823 papa

156 1830 276 1863 italiano,
291 1829 495 1865 rispecehiando
511 1831 567 1857 cosl
579 1829 729 1865 l'opinione

156 1871 311 1908 prevalente
339 1871 424 1899 allora
449 1878 488 1898 tra
512 1871 571 1898 noi:
593 1881 607 1896 ι
621 1870 729 1898 scitisne

157 1923 172 1939 ιι
189 1913 282 1950 quales
300 1914 354 1941 sint
372 1914 400 1940 in
425 1921 472 1941 ore
498 1913 619 1940 fidelium
638 1913 671 1940 de
690 1912 729 1939 rei

157 1966 172 1981 α
186 1956 342 1983 huiusmodi
361 1956 536 1983 contentione
548 1964 670 1984 rumores
677 1958 712 1986 Ρ..
722 1978 729 1985 .

157 2008 172 2023 α
185 2007 239 2026 non
255 2003 294 2026 est
311 1999 449 2026 contentio
462 1999 535 2035 quod
555 1999 609 2027 iam
628 2000 728 2028 electus

158 2049 172 2065 α
185 2040 284 2076 quique
302 2040 329 2067 in
345 2041 469 2068 omnium
483 2041 568 2068 oculis
587 2042 728 2078 pontifica-

157 2091 171 2107 ι
185 2088 242 2109 tum
261 2083 379 2109 exercuit
393 2087 421 2109 et
438 2089 543 2110 exercet
561 2091 629 2120 papa
648 2092 727 2112 verus

156 2133 171 2148 α
185 2131 241 2150 non
260 2124 303 2156 sit,
321 2123 367 2150 sed
386 2124 448 2160 quia
471 2124 576 2152 italicus
596 2131 635 2152 eet
663 2134 729 2153 eon-

156 2175 171 2190 «
184 2165 316 2193 troversia
340 2170 397 2192 tota
427 2165 521 2193 fervet.
566 2167 588 2193 si
613 2167 728 2202 gallicus

156 2217 171 2231 cr
184 2207 292 2243 quidem
308 2207 408 2240 fuisset,
420 2207 508 2235 nullus
518 2207 661 2244 fingeretur
675 2218 729 2237 me-

158 2259 172 2274 «
185 2255 237 2281 tus,
265 2249 340 2276 nulla
362 2258 470 2285 prorsus
497 2250 659 2286 allegaretur
677 2252 728 2278 im-

156 2299 171 2315 «
184 2291 296 2326 pressio,
313 2290 447 2318 incoacta-
455 2290 569 2319 fuissent
581 2298 645 2320 vota
657 2298 685 2320 et
696 2293 728 2320 li-

156 2342 171 2357 «
184 2333 247 2359 bera
264 2333 368 2368 penitus
387 2333 414 2360 in
433 2333 559 2370 eligendo
582 2334 727 2372 suffragiu

157 2385 172 2400 α
185 2375 378 2404 concordarent
393 2377 484 2412 utique
494 2377 575 2414 legen,
582 2377 727 2415 divinaque

157 2424 211 2446 «et
233 2418 354 2446 humana
371 2419 429 2446 iura
453 2419 587 2454 faverent;
612 2429 728 2449 concor-

261 2488 370 2512 Concedo
384 2489 499 2518 Sadalou,
514 2491 556 2514 111.

657 1516 689 1532 n.
700 1510 763 1538 vere]
774 1509 828 1532 Μ-Ζ)
836 1516 904 1533 verus

960 1509 992 1532 1⁶.
1001 1508 1031 1531 L¹
1043 1509 1074 1532 m
1081 1509 1187 1539 quonlam
1249 1516 1283 1538 ¹7,
1295 1509 1350 1532 MD

775 1671 790 1687 α
799 1661 894 1688 darent
915 1667 999 1689 testus
1025 1667 1052 1688 et
1075 1662 1102 1688 in
1129 1661 1208 1688 huius
1234 1661 1349 1689 nationis

775 1713 790 1728 α
800 1703 911 1731 nomine
923 1703 1012 1731 cuncti
1024 1711 1143 1731 canones
1155 1703 1347 1731 consentirent.

775 1755 790 1771 «r
802 1754 856 1778 cur,
862 1753 879 1772 o
886 1751 972 1781 patres
980 1745 1084 1780 optimi.
1090 1745 1205 1772 horretis
1212 1745 1330 1772 italicum
1336 1745 1349 1772 ἰ’

775 1797 789 1812 α
799 1795 834 1814 an
848 1795 907 1814 esse
919 1787 997 1814 debet
1012 1788 1039 1814 in
1049 1788 1115 1814 tanti
1129 1786 1254 1814 culminis
1270 1787 1349 1814 refor-

775 1839 790 1854 ι
801 1829 920 1856 matione
935 1834 962 1856 et
976 1829 1004 1856 in
1019 1828 1154 1856 electione
1168 1829 1266 1856 summi
1284 1837 1350 1864 pon-

776 1882 790 1898 «
799 1871 879 1899 tificis
891 1872 1011 1907 acceptio
1024 1871 1218 1908 personarum?
1256 1879 1289 1898 an
1302 1880 1349 1899 no-

776 1924 790 1940 ι
800 1922 865 1941 vum
886 1921 927 1941 est
948 1913 1024 1941 latini
1043 1914 1180 1949 sanguinis
1204 1913 1348 1941 hominem

774 1966 789 1982 α
800 1965 936 1984 summum
946 1955 1110 1992 pontificium
1119 1956 1311 1985 tenuisseisoe.
1318 1965 1349 1989 »ς

773 2008 798 2027 v.
811 2000 942 2033 Rmcex,
956 2007 998 2035 op.
1013 1999 1056 2026 cit.
1073 2000 1094 2032 l,
1108 2007 1138 2033 25
1151 2007 1192 2035 sg.

803 2041 891 2077 (2)1=u
902 2048 995 2078 questa
1005 2041 1129 2068 smodata
1138 2049 1261 2077 asprezza
1270 2041 1347 2068 d’Ur-

773 2083 852 2116 bano,
863 2082 911 2109 «le
927 2082 986 2118 plus
1001 2081 1142 2118 fantasque
1158 2082 1204 2108 des
1214 2081 1314 2117 prelats
1323 2091 1349 2122 ιο,

773 2133 852 2152 come
867 2133 924 2152 non
939 2124 1030 2151 dubita
1049 2124 1118 2151 dirlo
1131 2124 1149 2150 il
1169 2123 1287 2156 vlu-ors,
1300 2131 1348 2159 op.

774 2167 817 2194 cit.
830 2175 855 2202 p.
869 2174 921 2199 414
933 2174 983 2202 sg„
995 2165 1021 2192 la
1040 2166 1164 2201 precipua
1179 2173 1259 2192 causa
1275 2164 1346 2192 della

772 2208 867 2236 rivolta
878 2207 1062 2239 cardinalizia;
1076 2206 1109 2234 cf.
1123 2207 1132 2233 i
1144 2206 1284 2233 numerosi*
1290 2205 1348 2234 fatti

773 2252 944 2278 rammentati
958 2250 1001 2277 dal
1014 2249 1123 2277 Vums
1136 2255 1230 2282 stesso,
1240 2250 1294 2277 loc.
1304 2251 1349 2277 cit.

773 2303 788 2321 e
811 2293 854 2320 dal
874 2293 998 2326 Pas'ron,
1013 2301 1056 2328 op.
1075 2293 1118 2319 cit.
1138 2292 1158 2324 1,
1177 2300 1220 2328 97,
1236 2292 1254 2319 il
1271 2292 1349 2328 quale

772 2336 885 2363 tuttavia
897 2335 996 2362 invoca
1008 2334 1034 2361 le
1047 2334 1135 2361 buone
1144 2334 1291 2361 intentioni
1304 2334 1347 2362 del

773 2377 907 2414 pontefice
921 2385 938 2404 a
952 2385 1031 2404 seusa
1049 2375 1120 2403 della
1135 2384 1184 2403 sua
1203 2375 1300 2404 inabile
1315 2376 1349 2403 ed

773 2419 941 2456 imprudente
961 2418 1099 2447 condotta.

1222 2480 1268 2515 ις’

1409 391 1449 413 Chi
1471 392 1486 413 li
1512 393 1595 414 creden

1383 418 1458 439 indotti
1491 426 1503 440 ι
1536 425 1595 441 nuto

1383 445 1436 466 dalla
1489 448 1596 468 concient-

1396 473 1485 493 inttosto
1501 473 1539 494 che
1554 474 1596 494 dnl-

1391 499 1449 520 ’odio
1464 506 1500 526 per
1512 499 1595 521 l’luli·

1382 531 1396 546 ο
1415 525 1470 546 dalla
1492 526 1595 548 bramnu-

1382 551 1436 573 dena
1449 553 1519 574 tiara?

1408 631 1475 653 Come
1503 638 1594 661 puteano

1382 665 1464 705 aper-re
1477 659 1498 680 di
1512 661 1595 688 piegare

1397 685 1438 706 ιΙΙι
1472 686 1505 707 lor
1537 692 1595 715 parte

1381 712 1469 740 principi
1485 720 1497 734 e
1514 714 1594 741 populi,

1382 745 1404 759 se
1413 745 1455 760 non
1468 739 1536 761 fnum
1545 742 1594 762 atati

1381 766 1480 787 aeciam!
1493 767 1546 788 chll·
1559 773 1593 788 m-

1381 792 1468 819 peu-bin?

1408 907 1493 929 Urbano
1511 909 1534 930 fu
1556 916 1593 937 per

1381 935 1422 955 eui
1444 941 1495 956 vero
1516 941 1592 963 ponte-

1381 960 1428 986 fice,
1442 961 1510 983 finan&
1530 969 1592 991 aeppe

1380 987 1488 1014 blmdislig

1378 1149 1411 1164 nu
1424 1143 1515 1165 anm-che
1532 1145 1547 1165 li
1562 1145 1588 1165 ir-

1378 1171 1427 1195 rito.
1451 1171 1536 1192 dimne
1560 1178 1588 1192 un

1376 1199 1588 1246 2¹:3²⁹?ssae

1376 1255 1431 1271 mt-
1444 1251 1495 1272 §ctu
1509 1251 1589 1272 violen-

1376 1283 1408 1298 n.
