1696 2782
418 244 467 271 DI
498 244 760 272 COLUCCIO
793 244 1064 272 SALUTA'H.
1286 247 1341 280 141

151 369 320 413 dicereque
353 369 454 412 possit
488 378 520 402 et
553 380 639 403 nunc
671 368 822 403 flentibus
856 369 1099 414 quibuscunque
1131 369 1210 403 tales
1237 380 1345 403 casus:

379 460 448 487 Sum
466 461 568 487 summi
587 460 690 488 factura
709 461 779 494 Dei;
798 470 903 489 merces
922 470 970 489 sua
990 461 1062 495 talis,

380 508 464 540 Quod
484 510 615 536 miserum
633 517 722 537 vestre
742 519 787 537 me
805 519 861 537 non
881 510 1015 546 contingit
1034 519 1156 543 erumne,

378 557 478 594 Meque
496 567 547 585 nec
566 559 698 586 invadunt
715 559 827 586 huiusce
845 559 969 587 incendia
988 559 1099 587 flamme
1115 559 1158 586 (¹).

149 641 253 686 plane,
267 641 348 676 sicut
366 641 407 675 de
425 642 523 676 Peleo
539 652 571 676 et
589 642 714 676 Achille
733 643 883 676 recitatur
901 643 932 676 in
957 642 1082 682 fabulis,
1099 642 1207 676 divina
1231 655 1346 676 manus

149 708 181 733 et
198 699 315 733 vulnus
339 700 445 733 intulit
463 709 495 733 et
514 700 619 734 attulit
642 700 835 734 medicinam
855 709 1068 744 expertusque
1087 711 1159 734 sum
1179 701 1345 734 neminem

149 758 304 792 miserum
320 768 391 806 esse
409 758 464 802 qui
486 758 577 792 nolit.
624 768 692 792 tota
710 758 841 803 quidem
867 758 962 792 huius
986 759 1113 792 miserie
1132 759 1180 791 vis
1199 760 1232 792 in
1254 758 1346 792 nobis

149 825 215 850 est:
245 816 272 849 si
303 815 480 849 decreveris
507 815 539 850 id
565 816 647 850 velle
670 816 759 861 quod
783 818 873 850 Deus
897 816 975 858 vult,
999 828 1067 850 non
1090 818 1256 860 patienter,
1279 828 1346 851 non

149 873 359 918 equanimiter
381 873 497 915 solum,
518 873 574 908 sed
596 873 733 908 libenter
751 883 782 908 et
806 886 880 908 cum
894 874 1000 908 leticia
1023 873 1175 918 quicquid
1198 874 1347 908 acciderit

148 929 241 965 feres.
285 942 348 976 que
371 940 479 965 autem
503 932 535 964 in
555 933 800 966 conversatione
823 931 1011 966 mortalium
1034 941 1101 966 tam
1124 931 1224 965 felicis
1246 941 1346 966 status

149 988 298 1022 condicio
322 989 373 1022 vel
392 998 441 1022 tot
460 989 621 1023 bonorum
641 989 868 1034 temporalium
891 989 1070 1034 plenitudo,
1088 1001 1151 1034 que
1171 999 1258 1023 metu
1278 1001 1345 1023 non

149 1056 263 1091 angat3
294 1047 385 1092 sique
416 1059 483 1082 non
512 1047 688 1081 decreveris
724 1059 787 1092 que
820 1048 1016 1092 contigerint
1048 1047 1130 1080 velle
1164 1047 1226 1088 vel,
1258 1047 1346 1092 quod

149 1114 198 1138 est
221 1104 264 1138 illi
294 1106 492 1149 proximum,
515 1105 661 1146 tolerare,
683 1117 746 1150 que
769 1105 964 1150 quotidianis
989 1104 1153 1140 doloribus
1176 1116 1244 1138 non
1268 1105 1345 1139 affli-

149 1162 228 1207 gat?
279 1162 338 1196 hec
367 1163 607 1204 subtrabuntur,
640 1163 699 1197 hec
731 1172 875 1208 pereunt,
911 1163 971 1196 hec
1000 1172 1188 1204 senescunt;
1223 1175 1286 1208 que
1319 1164 1345 1196 si

149 1219 338 1265 diligantur3
361 1222 486 1255 utinam
504 1231 612 1255 autem
636 1221 807 1266 plusquam
835 1231 981 1266 oporteat
1004 1233 1071 1255 non
1099 1221 1345 1266 diligerentur!;

148 1277 340 1312 discrucient
362 1288 394 1312 et
416 1278 604 1313 exhaurient
626 1291 756 1313 necesse
775 1289 832 1313 est.
879 1279 928 1313 sin
952 1288 1061 1313 autem
1085 1278 1262 1313 decreveris
1284 1279 1345 1312 im-

149 1336 271 1371 minere
293 1337 411 1371 relictis
434 1346 467 1371 et
490 1336 531 1370 ad
558 1337 624 1378 illa,
646 1349 708 1382 que
735 1337 854 1371 fuerint
877 1337 991 1378 ablata,
1018 1348 1086 1371 non
1116 1338 1264 1381 aspirare,
1283 1337 1345 1378 vel,

147 1394 235 1439 quod
258 1403 306 1428 est
329 1394 470 1436 mollius,
492 1407 533 1428 ne
557 1395 661 1429 dicam
684 1395 820 1435 stultius,
840 1396 1007 1439 suspirare,
1027 1394 1148 1429 nedum
1171 1395 1346 1436 tolerabile,

147 1453 204 1487 sed
222 1452 373 1488 facillime
392 1454 641 1499 supportationis
660 1453 715 1488 fiet
733 1454 884 1500 quicquid
903 1456 1047 1496 eveniet3
1074 1456 1107 1489 in
1137 1455 1232 1489 nobis
1257 1466 1344 1495 vero,

148 1523 216 1546 non
234 1513 268 1546 in
287 1511 392 1552 rebus,
408 1512 468 1546 hec
486 1512 667 1546 amaritudo
685 1514 744 1547 sita
764 1523 821 1547 est.
868 1512 1072 1547 infirmorum
1091 1513 1222 1558 quidem
1243 1525 1343 1556 more,

147 1569 263 1615 quibus
281 1581 390 1614 sparsa
409 1569 469 1604 bile
487 1579 600 1615 gustus
623 1570 760 1605 infectus
779 1580 827 1605 est
845 1579 877 1604 et
895 1581 1010 1605 cuncta
1029 1583 1091 1616 que
1111 1571 1346 1606 momorderint

149 1626 296 1661 videntur
318 1639 435 1668 amara,
459 1628 504 1662 sic
528 1637 560 1662 et
583 1639 654 1670 nos,
679 1629 794 1662 animis
822 1629 1053 1674 egrotantibus,
1078 1630 1290 1664 amaricamur
1313 1639 1344 1664 et

149 1696 259 1730 aspera
277 1696 312 1719 ac
332 1684 471 1720 infelicia
489 1685 638 1720 ducimus
652 1697 715 1731 que
734 1697 802 1720 non
821 1685 986 1721 debemus.
1032 1689 1215 1722 animorum
1235 1697 1344 1722 autem

147 1745 295 1790 egritudo
322 1755 370 1780 est
401 1746 472 1790 plus
497 1758 603 1781 amare
626 1758 723 1792 quam
751 1747 872 1789 deceat,
895 1749 1067 1793 minusque
1091 1747 1223 1793 diligere
1246 1759 1343 1793 quam

147 1812 303 1848 oporteat.
349 1804 420 1848 plus
434 1815 592 1844 amamus,
605 1805 631 1838 si
647 1814 759 1850 suapte
774 1814 887 1839 natura
910 1805 1111 1850 corruptibile
1134 1805 1296 1850 quippiam
1312 1815 1344 1839 et

147 1861 364 1895 transitorium
379 1862 466 1896 iuxta
480 1862 738 1907 concupiscentie
761 1873 871 1897 nostre
891 1873 977 1906 vota,
993 1863 1082 1898 velut
1093 1863 1342 1908 incorruptibile,

148 1918 322 1964 diligimus,
345 1929 399 1954 aut
421 1931 554 1955 manere
576 1930 688 1955 contra
711 1932 768 1955 sue
791 1931 904 1956 nature
931 1920 1154 1956 condicionem
1182 1930 1342 1966 optamus.

203 2044 642 2076 3.lkqmepervuu’eddvme

148 2085 277 2108 mitum
332 2085 528 2109 muebonorum

717 2053 741 2076 7.
755 2045 788 2069 N¹
803 2047 878 2070 buum
955 2048 979 2070 8.
993 2045 1023 2070 l)
1040 2048 1090 2070 vele
1165 2054 1200 2070 ιο.
1211 2045 1245 2069 N¹
1259 2049 1344 2070 mne

586 2093 618 2110 ιι.
629 2085 663 2111 N*
674 2091 770 2116 matur
778 2087 827 2110 cive
854 2088 892 2110 Me
906 2087 926 2110 ιΙ
940 2094 1010 2117 quum
1038 2087 1070 2110 N'
1083 2090 1122 2110 tra
1137 2094 1182 2116 que
1195 2094 1208 2110 ε
1221 2087 1306 2116 εοιηίς.
1318 2086 1345 2109 dr·

149 2131 224 2148 novo
233 2129 294 2148 metu
303 2137 314 2143 —
322 2125 459 2155 contige-int
529 2125 561 2149 ιδ.
571 2125 603 2149 [J
618 2126 736 2150 enucleat
765 2126 798 2150 ΛΡ
808 2127 920 2150 exundent
954 2128 992 2150 ue
1006 2127 1139 2150 emacient
1166 2127 1212 2149 Per
1226 2127 1343 2149 imminere

150 2162 184 2187 N¹
197 2164 229 2187 da
240 2165 285 2194 poi
296 2165 319 2187 in
334 2170 429 2188 numero
443 2166 498 2194 (είς)
555 2164 590 2195 i7.
600 2165 710 2195 nqinre]
726 2167 762 2190 Me
774 2168 876 2196 :spicere
932 2168 965 2190 18.
975 2167 1074 2195 millu-1
1090 2166 1122 2189 N¹
1138 2167 1218 2190 melin·
1228 2179 1239 2184 -
1249 2167 1343 2190 taleme

152 2211 187 2234 ¹9·
201 2203 231 2228 1)
241 2205 279 2228 ue
291 2207 410 2229 omno-o
424 2211 478 2228 vem
519 2212 553 2228 ιι.
570 2205 602 2229 N'
617 2207 787 2230 momorderunt
842 2214 880 2238 ²3·
894 2208 934 2238 nc]
948 2208 985 2230 ue
1000 2211 1022 2230 et

185 2319 228 2355 (ι)
244 2319 274 2347 L'
285 2320 397 2356 epistola
407 2322 542 2348 metricas
557 2329 601 2348 ser
613 2321 722 2349 Andrea
768 2322 846 2349 tione
862 2328 960 2358 troppo
978 2321 1066 2349 fedele
1085 2322 1126 2349 de'
1140 2331 1182 2348 vv.
1192 2330 1276 2358 91-93
1298 2323 1342 2350 del

149 2362 240 2390 Giusti
263 2362 310 2398 (es.
334 2372 383 2399 per
400 2363 438 2391 lui
459 2364 514 2391 voL
536 2363 569 2397 11,
587 2372 640 2400 ⁴39
659 2365 721 2399 ει),
767 2369 846 2391 canto
878 2363 903 2390 11
930 2362 1100 2399 dell’lnsmw
1128 2363 1268 2398 damesco,
1285 2372 1340 2391 uon

148 2404 239 2432 dende
262 2412 311 2432 non
335 2405 396 2433 tolti
418 2407 504 2442 questi
526 2406 605 2439 versi,
631 2406 721 2434 tradu-
767 2406 792 2433 ci
811 2407 826 2433 e
845 2412 1001 2442 pervenuta.

1373 374 1427 394 fano
1437 374 1557 394 insensibile
1567 374 1586 394 nl

1373 401 1454 421 dolore.

1387 761 1426 782 Chi
1433 761 1523 782 delibero
1531 761 1586 781 d'ac·

1373 789 1474 809 concinni
1491 788 1512 808 di
1530 788 1586 808 buon

1374 816 1443 836 auimo
1457 822 1469 835 ι
1498 820 1560 835 tanto
1571 814 1586 834 il

1374 842 1427 862 ciclo
1434 842 1488 862 subi
1497 843 1543 866 inec,
1553 847 1586 861 ve-

1374 870 1411 889 dra
1444 873 1586 889 anunente

1373 895 1492 916 vamum.

1399 1163 1424 1184 Se
1438 1168 1494 1184 tuno
1506 1163 1585 1191 perine

1373 1197 1385 1210 e
1399 1191 1416 1211 ti
1430 1190 1541 1211 maformn
1555 1191 1584 1210 in-

1373 1222 1436 1237 terno
1450 1224 1462 1238 ι
1479 1217 1526 1242 uoi;
1543 1224 1585 1238 non

1373 1245 1385 1264 ὲ
1399 1243 1455 1264 forae
1471 1245 1558 1265 murdo
1570 1245 1586 1265 u

1373 1270 1511 1298 inguarum?

1400 1453 1424 1474 ln
1439 1454 1475 1475 ποί
1493 1455 1553 1475 neni
1573 1455 1584 1474 ὁ

1373 1480 1398 1501 ἀι
1407 1481 1494 1501 ticenu-
1502 1482 1584 1508 dunque

1372 1507 1470 1534 Verigin-
1482 1508 1535 1528 delle
1548 1514 1585 1529 no-

1371 1539 1413 1555 cue
1420 1541 1525 1555 :marene
1533 1541 1544 1555 e
1551 1539 1584 1556 to-

1372 1560 1479 1588 glicrlffidi
1495 1568 1574 1584 aeuo.
