1682 2762
162 358 196 379 Un
220 365 271 391 grn‘n
296 358 348 378 bene

135 386 204 406 hanno
218 386 259 406 ensi
274 384 327 405 delr
318 391 346 405 r-e

136 418 168 433 sto
183 419 219 440 per
210 413 286 433 rzduto

134 475 149 496 l'
159 476 268 496 occasione
290 475 309 495 di
327 481 347 494 e-

134 503 219 523 uertit-r
233 502 253 522 ln
268 503 349 529 pnzien-

135 536 166 554 n,
182 530 212 550 vir
203 530 236 549 ι-τὺ
250 529 287 549 che
305 536 347 548 non

134 558 176 584 pub
185 561 273 577 mostrnr
264 557 301 582 rsi,
307 562 347 576 ove

135 583 247 604 manchino
269 584 275 603 i
297 589 347 604 con-

135 611 200 632 insti.

161 650 211 670 Non
230 650 250 671 v'
260 650 286 670 h·
305 657 347 670 me·

134 679 176 698 rito
200 677 285 702 nleuno,
307 684 346 697 ove

134 705 202 732 questi
216 710 257 724 non
275 705 346 724 esina-

135 738 171 756 no,
188 739 199 751 ι
221 738 346 752 conservare

135 758 149 778 1'
158 758 236 779 unione
246 765 252 783 ς

135 889 169 910 chi
201 889 270 910 insani
305 891 347 917 pub

134 917 242 937 musti-arsi
248 922 347 941 scorteu,

135 944 218 970 quando
230 949 289 964 trov-
299 945 348 964 xuni

134 976 195 991 verso
210 970 240 991 lui
255 971 295 991 ben
317 971 347 991 di-

135 997 200 1025 sposn'
209 997 219 1018 ?

161 1117 188 1138 Se
213 1125 276 1146 oper·
298 1119 348 1140 bene

134 1145 168 1165 chi
183 1150 246 1166 trane
257 1147 348 1179 pacifica:

135 1177 203 1192 mente
218 1173 251 1193 col
272 1174 348 1200 proui-

135 1205 178 1223 mo,
188 1199 226 1220 che
241 1207 284 1220 non
299 1208 349 1221 con-

135 1214 204 1251 teniie,

134 1357 190 1373 certo
200 1359 262 1380 open
269 1353 347 1381 meglio

134 1385 209 1400 meon
235 1380 268 1400 chi
297 1381 347 1401 cede

134 1407 218 1426 dnvnmi
242 1407 281 1427 alle
307 1408 346 1428 esi-

135 1439 198 1460 genze
219 1434 251 1454 del
272 1435 347 1461 prosn-

134 1467 169 1480 mo
183 1461 221 1481 che
242 1466 346 1482 contrat:

135 1493 190 1509 seco.

161 1510 178 1536 E
185 1521 244 1535 senza
249 1515 326 1536 dubbio
332 1515 346 1535 il

134 1542 154 1562 fn
156 1542 205 1563 reio
218 1543 255 1563 dur
245 1550 288 1563 ne
299 1543 346 1563 fni-

133 1576 193 1617 ⁶25:
195 1571 291 1617 2:¹23?
297 1570 347 1618 ..⁸ss33

133 1604 183 1644 fio*
168 1624 184 1644 si
192 1624 255 1645 debba
263 1605 323 1652 9323.
312 1632 346 1645 are

133 1652 148 1672 il
166 1658 217 1678 capo
235 1659 247 1672 ι
265 1658 346 1679 pretese

134 1678 223 1706 ingluste
228 1685 240 1699 e
245 1679 345 1705 dnnnose;

133 1830 166 1844 mn
178 1828 269 1859 appunto
281 1824 303 1844 in
313 1824 345 1844 cio

133 1850 187 1871 sul'
190 1855 234 1871 atto
242 1851 272 1871 vir
273 1856 344 1871 moso.

159 1940 186 1960 Se
210 1940 229 1960 ln
249 1940 270 1960 fn
271 1941 287 1960 ti
281 1947 312 1961 ιει
334 1942 345 1960 ὲ

133 1967 217 1994 grande,
237 1974 270 1987 ma
272 1968 306 1995 ggi
308 1974 345 1988 ore

132 1995 148 2014 ri
151 2001 197 2015 esce
211 1994 224 2015 il
240 1996 322 2015 merito.

379 219 442 262 582
803 222 1150 251 EPISTOLARIO

443 352 555 385 Unum
581 350 761 384 maximum
785 349 921 391 bonum,
945 348 1034 394 quod
1058 348 1152 382 vobis
1175 350 1209 383 in
1231 349 1285 382 illa
1309 348 1464 383 discordia
1488 360 1579 393 para-

375 409 478 450 batur,
497 420 552 453 per
571 407 735 452 ignaviam
755 407 903 440 amisistis
919 407 1072 452 cuiusque
1085 407 1236 440 meritum
1252 418 1421 451 nunquam
1437 407 1579 452 poteritis

375 467 543 511 adequare.
591 466 679 510 quod
705 465 851 499 bonum?
878 465 1015 510 inquies,
1063 465 1250 510 patientiam
1273 465 1379 510 plane,
1395 477 1504 510 quarn,
1519 465 1579 499 nisi

375 524 597 565 molestemur,
627 522 832 557 offendamur
859 533 891 557 et
918 522 1117 564 tribulemur,
1145 535 1204 557 nec
1234 533 1374 568 prestare
1406 534 1578 568 possumus

374 595 435 616 nec
459 582 586 616 habere.
657 591 689 615 et
713 581 814 615 credis
839 582 997 616 unitatem
1021 582 1288 622 conversationis,
1311 582 1338 615 si
1361 581 1471 626 procul
1499 581 1580 615 absit

375 643 482 674 omnis
507 640 661 674 emulatio
686 639 909 685 discordiaque
932 649 964 674 et
993 641 1172 681 contentio,
1199 640 1280 674 tanti
1306 640 1442 684 talisque
1473 640 1580 674 meriti

376 700 427 734 vel
445 700 715 734 remunerationis
734 711 816 740 esse,
836 700 947 743 quanti
966 699 1133 744 qualisque
1146 699 1252 739 fuerit,
1272 698 1325 733 ubi
1342 698 1434 732 turba
1451 707 1579 732 contro-

375 759 553 792 versiarum
577 759 756 799 accesserit,
777 758 802 791 si
826 758 978 802 patientia
998 757 1149 792 tolerabis
1174 758 1307 791 iniurias
1337 767 1370 791 et
1397 757 1579 792 humilitate

376 818 519 859 cesseris,
542 829 583 851 ne
607 817 808 851 contendas?
853 829 921 851 non
945 826 993 850 est
1017 817 1086 851 sine
1111 816 1301 851 turbationis
1326 816 1475 850 molestia
1502 827 1579 850 con-

376 877 515 911 versatio
526 885 635 910 nostra
650 876 814 917 meritum,
832 875 888 909 sed
907 876 1014 920 potius
1030 876 1090 909 Dei
1111 875 1246 910 donum.
1294 886 1370 909 nam
1390 876 1417 909 si
1436 875 1580 920 benigno

375 936 526 981 proximo
548 935 745 980 benignitate
769 935 974 979 respondeas,
994 933 1071 979 quid
1095 945 1142 968 est
1165 934 1251 968 aliud
1274 945 1373 979 quam
1397 933 1581 969 benefacto-

376 994 462 1029 ribus
479 995 543 1029 tuis
562 993 760 1035 benefacere,
780 993 869 1038 quod
885 993 1006 1027 faciunt
1025 994 1124 1028 etiam
1151 992 1271 1027 ethnici
1295 1002 1327 1027 et
1346 993 1580 1038 publicani?(¹)

376 1065 444 1087 non
463 1052 581 1087 sufficit
600 1064 618 1086 a
635 1052 856 1093 contentione,
873 1052 901 1086 si
916 1051 1171 1085 contendentem
1187 1063 1254 1085 non
1268 1050 1396 1091 habeas,
1411 1050 1579 1086 abstinere.

376 1121 528 1152 meretur,
549 1109 661 1151 fateor,
676 1112 732 1156 qui
749 1109 880 1155 pacifice
906 1122 980 1144 cum
1000 1111 1153 1155 proximo
1177 1119 1396 1150 conversatur,
1417 1121 1485 1144 non
1503 1110 1579 1155 quia

376 1181 444 1203 non
458 1169 634 1210 contendit,
654 1168 711 1202 sed
731 1169 887 1213 quoniam
905 1180 986 1213 opus
1002 1168 1127 1213 perficit
1152 1168 1302 1210 caritatis,
1323 1180 1391 1202 non
1414 1168 1489 1213 quia
1510 1179 1579 1203 non

376 1227 537 1261 discordet
566 1227 617 1261 vel
643 1239 712 1261 non
732 1227 899 1261 dissentiat
922 1238 940 1260 a
960 1226 1131 1268 confratre;
1157 1228 1264 1271 potest
1290 1226 1380 1260 enim
1406 1226 1470 1261 hoc
1493 1235 1579 1260 recte

375 1285 455 1327 fieri,
475 1287 544 1319 imo
559 1286 735 1320 rectissime
754 1285 802 1327 fit,
821 1286 848 1320 si
867 1285 952 1320 male
974 1286 1092 1320 sentiat
1105 1286 1271 1330 proximus
1289 1285 1339 1319 vel
1354 1285 1578 1320 damnabiliter

375 1345 465 1386 velit;
485 1344 541 1378 sed
560 1346 715 1389 quoniam
739 1344 820 1378 bene
843 1344 957 1378 volens
974 1354 1006 1379 et
1029 1353 1115 1378 recte
1147 1345 1289 1378 sentiens
1310 1355 1377 1378 non
1401 1343 1578 1385 contendit,

375 1415 442 1437 non
464 1403 610 1437 dissentit
632 1403 684 1437 vel
710 1402 871 1437 discordat
899 1414 973 1437 curn
989 1403 1149 1447 proximo,
1177 1402 1234 1436 sed
1262 1413 1280 1435 a
1304 1403 1463 1446 proximo.
1509 1402 1578 1436 scio

374 1472 532 1507 quantum
551 1462 614 1496 hoc
634 1462 744 1503 michi,
761 1461 857 1496 credo
873 1461 1004 1507 quidem
1025 1471 1057 1495 et
1080 1461 1149 1495 aliis
1168 1461 1333 1495 carnaliter
1357 1471 1487 1494 mecum
1505 1471 1578 1494 sen-

374 1521 537 1562 tientibuS,
557 1520 674 1554 durum
691 1530 723 1554 et
739 1519 866 1554 difficile
883 1520 1036 1554 videatur.
1083 1520 1154 1565 quis
1170 1520 1259 1553 enirn
1279 1519 1444 1553 continere
1458 1527 1577 1553 semet-

374 1580 481 1624 ipsum
513 1588 627 1624 potest,
661 1579 687 1612 si
711 1579 878 1623 proximus
902 1578 934 1612 id
965 1578 1043 1612 velit
1066 1588 1161 1623 atque
1187 1577 1362 1612 contendat
1387 1577 1476 1622 quod
1508 1588 1577 1612 non

374 1637 533 1682 expediat,
550 1638 692 1671 maxime
711 1638 738 1671 si
753 1637 837 1671 velle
860 1637 1006 1671 videatur
1025 1638 1059 1671 in
1075 1636 1139 1670 hoc
1154 1648 1210 1681 per
1223 1636 1407 1681 superbiam
1429 1637 1576 1683 resistere

374 1697 427 1731 vel
445 1697 587 1738 factiose,
607 1697 690 1731 sicut
710 1697 869 1741 contingit
895 1697 927 1730 in
948 1696 1104 1740 religiosis
1128 1705 1160 1729 et
1182 1694 1374 1729 secularibus
1398 1706 1576 1740 congrega-

374 1755 526 1796 tionibus,
546 1755 716 1789 obtinere?
762 1754 902 1796 difficile,
920 1754 1033 1795 fateor,
1053 1764 1101 1788 est
1119 1764 1152 1788 et
1175 1763 1211 1787 ut
1233 1754 1304 1788 talis
1327 1754 1496 1798 contingat
1518 1764 1575 1786 ne-

374 1814 503 1848 cessitas
518 1825 586 1847 non
606 1813 796 1858 optandum.
844 1825 994 1847 summus
1013 1813 1102 1847 enim
1126 1812 1178 1846 hic
1201 1812 1291 1846 labor
1313 1821 1361 1846 est
1383 1822 1576 1856 summaque

374 1873 500 1906 bonitas
529 1872 612 1906 male
631 1883 800 1916 persuasos
822 1872 855 1906 in
885 1881 1006 1905 rectam
1032 1872 1120 1905 viam
1140 1871 1298 1905 deducere
1322 1870 1374 1904 vel
1397 1870 1576 1904 obstinatos

374 1931 551 1965 humilitate
572 1940 825 1975 consumataque
841 1931 994 1975 patientia
1006 1931 1150 1964 tolerare.
1197 1941 1345 1964 summus
1365 1929 1416 1963 hic
1431 1928 1575 1974 profecto

373 1990 472 2031 labor,
495 1990 552 2024 sed
580 2002 748 2024 summurn
773 1991 937 2029 meritum,
964 2000 1030 2034 quo
1056 1989 1188 2034 quilibet
1214 2000 1282 2022 non
1307 1988 1430 2022 iusticie
1453 1987 1574 2028 debito,

372 2049 429 2082 sed
453 2050 556 2094 gratia
580 2057 802 2082 remuneratur
822 2057 854 2082 et
877 2047 1078 2092 beneplacito
1098 2059 1158 2081 nos
1188 2047 1351 2088 salvantis,
1377 2055 1412 2081 ut
1437 2045 1501 2080 hoc
1526 2057 1576 2080 re-

795 2170 817 2187 a.
828 2162 860 2187 G¹
874 2164 968 2192 eiusque
1023 2162 1156 2192 5-6.M²G¹
1171 2163 1246 2185 omnis
1259 2162 1318 2185 absit
1373 2168 1396 2191 7.
1413 2161 1448 2184 M*
1462 2161 1495 2184 dd
1508 2162 1575 2185 turbt

859 2211 892 2227 ιι.
906 2205 924 2227 Α
939 2204 1029 2227 zthmici
1043 2205 1099 2231 (sic)
1156 2203 1320 2233 ¹5.quoninm]
1335 2203 1389 2226 MC
1400 2202 1455 2232 qnia
1512 2202 1575 2226 16.1.

908 2245 940 2268 18.
955 2245 1008 2268 M-C
1019 2247 1104 2268 omem
1123 2244 1178 2267 velit
1218 2244 1296 2267 LM·C
1308 2245 1392 2266 bonum
1468 2249 1503 2266 22.
1514 2243 1575 2267 Rdd

854 2296 892 2320 ²5-
907 2289 944 2312 Μ’
957 2290 989 2313 dd
1003 2294 1025 2312 et
1039 2290 1063 2312 in
1078 2290 1212 2312 intertium.
1267 2289 1304 2312 26.
1319 2289 1337 2311 L
1352 2289 1415 2311 labar
1428 2289 1484 2316 (sic)

429 2171 473 2187 1-2.
487 2164 506 2186 A
520 2167 606 2187 omeue
620 2165 741 2193 parabatur

372 2206 397 2228 in
412 2206 545 2228 inter-linea.
602 2206 624 2228 8.
638 2205 657 2227 Α
671 2205 802 2234 patientium

372 2246 426 2269 ΜΕ
438 2249 558 2268 omettono
572 2252 617 2268 non
631 2253 644 2268 e
657 2246 736 2268 danne
749 2245 824 2274 potuit

371 2291 416 2313 due
430 2292 491 2314 volte
505 2297 550 2314 non
606 2298 643 2321 ²3·
658 2290 696 2313 Μ2
709 2275 800 2319 expedit

408 2405 450 2439 (ι)
471 2403 514 2431 cf.
534 2411 556 2431 s.
576 2403 694 2431 ΜΑττιι.
714 2403 748 2436 V,
767 2402 866 2437 46-47.

1611 883 1651 906 10

1612 1175 1648 1208 ¹5

1606 1467 1649 1490 20

1605 1759 1646 1793 25

1604 2053 1647 2087 30
