1682 2762
123 337 194 357 Niuno
203 335 271 356 inf-ni
279 334 311 354 de’

102 364 154 384 versi
175 362 227 382 dell·
242 361 312 381 Farsa-

101 390 144 417 glia
166 395 238 409 manen
261 388 313 408 dena

102 423 173 436 cesum
181 415 313 443 pentemimev

103 450 138 467 τις

102 524 114 537 e
127 517 158 537 chi
174 517 192 536 Ιι
213 522 312 539 tuscun,

104 550 163 564 come
191 543 211 563 sn
236 543 313 563 Orazio

103 570 136 590 ne'
154 570 250 593 Semoni,
280 575 315 595 par

103 597 200 623 adoprnre
215 603 258 616 uno
268 595 314 615 stile

118 624 138 643 ἰὺ
159 623 248 643 dimesso
273 621 315 641 del-

103 631 204 671 Y’eroflco.

137 1536 175 1555 Per
188 1535 262 1555 chi-rit
277 1541 322 1554 rne-

112 1562 154 1589 glio
165 1562 184 1582 ln
194 1568 242 1582 con
252 1562 277 1581 di
285 1568 320 1582 no-

112 1589 159 1609 tizia
165 1588 218 1615 degli
227 1588 321 1608 elementi

112 1616 132 1635 di
155 1615 187 1636 eui
210 1620 282 1635 consta
307 1615 322 1635 il

113 1648 174 1662 verso
191 1642 268 1666 eroico,

343 198 403 240 178
758 199 1104 229 EPISTOLARIO

339 328 581 372 intelligendum
599 336 659 360 est:
685 326 779 370 plus
798 326 926 360 michi
950 337 1067 359 coma
1090 325 1245 369 placet.
1286 337 1362 359 nam
1380 325 1407 359 si
1425 334 1531 359 totum

341 387 462 420 Lucani
488 397 616 419 carmen
637 384 802 424 discurras,
828 383 953 417 nullum
978 394 1106 416 versum
1130 383 1273 416 invenies
1292 383 1361 416 sine
1378 382 1461 417 dicta
1485 371 1533 416 ce·

339 455 420 483 sura,
436 455 533 487 quam
550 441 686 475 versifici
702 441 808 475 solent
834 441 1194 485 penthemimerim
1223 441 1431 485 appellare(¹).
1478 441 1533 485 qui

340 513 417 535 vero
441 501 538 534 talem
559 500 751 543 elegantiam
775 510 842 532 non
867 508 1069 539 curaverunt,
1093 510 1155 543 que
1179 498 1311 543 quidem
1333 499 1368 532 in
1392 498 1534 532 versibus

341 568 428 592 tanta
452 567 508 597 est,
525 557 612 602 quod
633 568 760 590 carmen
776 568 932 590 sonorum
952 567 1020 590 esse
1039 568 1106 590 non
1125 557 1236 600 possit,
1253 557 1311 590 nisi
1328 556 1362 590 in
1378 557 1534 601 principio

341 616 424 650 tertii
448 615 535 660 pedis
560 615 641 648 hanc
665 614 812 648 dictionis
837 614 952 648 habeat
970 615 1160 655 sectionem,
1177 625 1244 648 non
1262 614 1389 647 sublimi
1402 626 1535 659 nonque

342 673 494 707 mediocri
518 681 672 706 caractere
706 672 899 713 cecinerunt,
931 672 987 706 sed
1010 672 1123 706 infimo
1157 672 1229 705 stilo
1252 683 1377 716 serpere
1409 671 1536 706 dicendi

341 740 426 772 sunt,
437 730 528 764 sicuti
541 730 648 763 videre
661 739 752 774 potes
766 730 950 771 Horatium,
965 730 999 764 in
1014 729 1059 764 Se
1067 729 1272 763 rmonibus
1290 730 1441 771 maxime,
1449 729 1537 763 hunc

342 796 491 822 ornatum
515 797 547 821 et
570 788 763 831 elegantiam
787 799 854 821 non
880 799 997 821 curare.
1056 798 1122 832 quo
1145 786 1190 828 fit,
1214 796 1251 821 ut
1273 786 1446 832 aliquando
1469 798 1537 821 non

349 858 456 880 versus
479 846 512 880 id
535 845 622 890 quod
646 845 794 890 legimus,
817 845 874 879 sed
897 845 1001 879 soluta
1024 846 1130 890 potius
1153 846 1256 879 oratio
1279 845 1442 880 videatur:

552 931 696 958 Memento
717 930 770 957 cita
789 938 864 957 mors
883 930 955 957 venit
974 936 1019 957 aut
1038 930 1153 957 victoria
1171 929 1278 958 leta(²):

342 1023 412 1067 quis
436 1034 502 1056 non
524 1021 611 1056 videt
635 1033 733 1066 quam
756 1021 863 1066 inepte
880 1021 1000 1055 sonet?
1047 1021 1087 1055 ad
1111 1033 1208 1066 quem
1228 1020 1365 1055 modum
1382 1020 1538 1066 plurimos

343 1081 376 1113 in
400 1079 673 1114 Sermonibus
698 1079 765 1113 eius
790 1090 901 1113 versus
926 1079 1083 1120 invenies,
1107 1080 1141 1113 in
1168 1079 1376 1123 Epistolis
1399 1090 1538 1123 paucos;

344 1138 427 1182 apud
467 1138 635 1171 Lucanum
670 1146 790 1178 autem,
821 1147 856 1171 ut
887 1137 1029 1178 arbitror,
1058 1137 1180 1179 nullos;
1207 1146 1244 1171 ut
1278 1149 1346 1171 non
1376 1137 1538 1171 immerito

344 1196 456 1230 dixerit
478 1196 540 1238 ille,
565 1196 750 1240 quicunque
775 1195 879 1237 fuerit,
903 1196 938 1230 in
961 1207 1098 1241 persona
1117 1196 1255 1230 Lucani:

559 1280 698 1307 Continuo
719 1289 860 1316 nunquam
881 1280 966 1307 direxi
985 1280 1106 1308 carmina
1125 1280 1220 1314 ductu;

594 1329 657 1361 Que
673 1329 780 1356 tractim
799 1335 914 1365 serpant,
933 1328 992 1365 plus
1011 1329 1096 1356 michi
1116 1337 1196 1357 coma
1215 1329 1311 1365 placet.

347 1433 403 1466 pro
431 1432 496 1466 quo
520 1433 616 1455 sensu
640 1431 671 1455 et
701 1421 778 1455 illud
807 1422 982 1466 plurimum
1012 1421 1097 1462 facit,
1121 1422 1209 1467 quod
1238 1423 1450 1464 carmina,
1473 1434 1542 1457 non

347 1491 515 1513 carmen
541 1479 629 1513 dixit.
677 1491 805 1513 carmen
831 1480 918 1513 enim
942 1481 1047 1525 ipsum
1070 1491 1188 1524 poema
1211 1489 1279 1522 est;
1303 1481 1443 1515 carmina
1465 1492 1542 1514 vero

349 1537 484 1570 distincti
509 1537 664 1570 versiculi.
728 1546 759 1571 et
790 1547 824 1571 ut
848 1537 923 1579 hoc,
947 1537 1035 1582 quod
1058 1538 1147 1577 volo,
1171 1538 1283 1572 clarius
1317 1547 1433 1583 pateat,
1464 1538 1542 1572 scire

350 1603 475 1639 oportet
493 1595 611 1628 heroici
632 1595 781 1629 carminis
797 1595 970 1629 duodecim
990 1608 1058 1630 esse
1071 1595 1259 1640 semipedes.
1305 1595 1437 1640 quilibet
1455 1596 1544 1630 enim

350 1663 405 1695 pes
422 1652 515 1686 huius
535 1653 627 1686 metri
651 1653 865 1687 elevationem
888 1653 993 1695 habet,
1016 1665 1114 1698 quam
1138 1654 1270 1688 arsim
1293 1653 1414 1694 dicunt,
1438 1662 1470 1687 et
1489 1653 1544 1688 de-

350 1710 543 1753 positionem
568 1711 667 1752 vocis,
688 1723 750 1755 que
770 1711 906 1744 thesis
926 1712 1010 1745 solet
1029 1713 1246 1746 communiter
1261 1711 1410 1756 appellari
1429 1711 1469 1745 ab
1484 1711 1544 1752 his,

351 1768 406 1811 qui
422 1768 523 1812 grecis
538 1768 701 1802 vocabulis
718 1768 917 1803 delectantur
926 1769 970 1803 (³).
1017 1781 1104 1804 nunc
1120 1778 1228 1803 autem
1245 1770 1353 1803 omnis
1369 1769 1408 1803 de
1424 1769 1545 1804 vocalis

352 1826 584 1859 enunciationis
616 1827 788 1861 amenitate
819 1827 911 1868 ratio,
940 1828 1022 1861 sicut
1047 1828 1080 1861 in
1113 1828 1244 1862 musicis
1277 1827 1420 1869 docetur,
1446 1839 1545 1872 penes

406 1946 426 1969 3.
441 1939 496 1963 Cod.
511 1940 639 1968 pentimeris
696 1948 728 1964 ιι.
744 1941 800 1964 Cod.
815 1941 871 1965 cim

351 1985 508 2008 sovrapporre
522 1981 541 2002 il
553 1987 629 2009 segne
644 1981 857 2010 d'abbreviazione.

925 1949 961 1972 ²3·
977 1943 1032 1966 Cod.
1047 1947 1148 1969 counen
1163 1944 1329 1966 l’amarnoense
1343 1943 1386 1965 μέ
1398 1943 1508 1966 :cordato
1521 1943 1549 1966 di

353 2103 502 2128 comma;
537 2096 718 2130 Uouoexoun,
746 2099 838 2125 Deriv.
868 2108 924 2127 voc.
1005 2100 1048 2136 (2)
1067 2101 1179 2128 Honxr.
1198 2101 1251 2128 Sat.
1269 2101 1291 2135 Ι,
1305 2109 1325 2134 1,
1339 2101 1364 2128 8.

351 2147 371 2165 s.
391 2147 415 2164 e.
434 2148 459 2165 v.
478 2139 506 2165 in
525 2139 586 2166 cod.
606 2139 686 2167 Laur.
715 2140 744 2167 S.
761 2141 858 2174 Croce,
884 2141 924 2169 Pl.

351 2181 464 2214 XXVII,
474 2181 525 2210 siu,
538 2191 560 2215 1,
577 2191 598 2210 c.
610 2183 643 2209 88
653 2191 682 2213 B:
698 2183 792 2216 BALBI,
803 2184 925 2213 Catholic.

350 2231 370 2250 s.
390 2232 413 2249 e.
431 2233 456 2251 v.
477 2225 525 2250 &a

385 2266 427 2300 (ι)
449 2266 490 2293 Cf.
505 2266 639 2299 ΤΗυκοτ,
653 2276 696 2303 op.
712 2268 755 2296 cit.
769 2277 793 2304 p.
807 2269 858 2302 448
872 2277 926 2305 sg.;

350 2309 437 2337 Atax.
457 2318 493 2337 DE
511 2310 602 2338 ViLLA
621 2312 684 2344 Dm,
704 2313 860 2346 Doctrinalc,
881 2314 924 2341 ed.

350 2351 384 2378 D.
392 2352 543 2388 Reichling,
552 2353 731 2390 Berlin,1893,
739 2365 781 2382 vv.
791 2357 924 2389 2414-18.

1006 2144 1049 2179 (3)
1070 2143 1112 2172 Cf.
1133 2143 1269 2176 Tauno-r,
1297 2152 1342 2179 op.
1371 2143 1417 2170 cit.
1441 2151 1467 2178 p.
1485 2150 1548 2178 443.

973 2185 1058 2212 Come
1077 2187 1100 2213 si
1119 2186 1187 2213 vede
1206 2186 1241 2213 da
1259 2191 1355 2222 questo
1374 2193 1454 2221 passo
1466 2193 1482 2212 e
1494 2193 1548 2212 me-

971 2227 1026 2263 glio
1040 2236 1140 2255 ancora
1155 2228 1188 2255 da
1205 2234 1305 2264 quanto
1318 2228 1404 2255 scrive
1417 2227 1462 2264 pisi
1473 2232 1547 2254 sotto

971 2272 1011 2307 (p.
1024 2272 1080 2304 180,
1096 2280 1130 2298 rr.
1143 2272 1248 2308 28-29)‚
1262 2271 1282 2298 il
1297 2271 1326 2298 S.
1338 2279 1395 2298 non
1410 2279 1494 2298 aveva
1510 2279 1547 2298 un

972 2319 1097 2341 concerto
1108 2313 1199 2340 chiaro
1212 2314 1257 2341 del
1267 2313 1360 2341 valore
1370 2312 1439 2340 delle
1451 2313 1546 2349 parole

972 2366 986 2381 α
998 2357 1074 2383 arsi»
1095 2365 1110 2384 e
1127 2366 1141 2382 e:
1152 2357 1238 2384 tesi».

1570 858 1610 882 10

1570 1198 1607 1232 15

1570 1544 1613 1568 20

1573 1829 1613 1863 25
