1696 2782
142 551 249 572 promen:
265 546 354 565 inconsi-

141 572 216 595 derata,
224 571 259 591 che
267 579 291 592 or
297 573 354 598 quasi

141 599 198 625 quasi
230 598 353 618 lascierebbe

141 624 279 649 senz’effeno,

141 779 214 807 poiche
236 786 263 799 un
286 780 353 799 amico

140 813 182 826 non
205 807 242 826 dee
271 811 352 833 preten-

140 833 187 853 dere
207 833 232 853 dn
252 840 279 852 un
300 833 352 852 altro

140 866 189 880 cose
212 866 255 879 non
277 866 352 880 conve·

140 886 212 907 aienti.

167 1116 198 1136 Or
222 1116 297 1143 poiche
333 1117 352 1136 ’Δ

140 1142 172 1163 col
186 1143 274 1163 cardinal
284 1143 304 1163 di
314 1123 351 1163 ξι·

139 1169 192 1190 dove
210 1170 300 1190 discusse
321 1170 351 1190 in-

139 1201 201 1216 torno
214 1196 350 1223 nll'opportu-

139 1223 183 1243 uiti
193 1223 213 1243 di
223 1223 259 1243 dar
271 1223 311 1243 nlla
321 1223 350 1243 lu-

138 1256 160 1269 ce
180 1249 198 1269 le
215 1256 252 1270 sue
270 1250 349 1274 lettere,

139 1275 224 1296 lamera
247 1277 283 1296 che
309 1277 351 1303 egli

139 1303 228 1329 giudichl
249 1309 271 1323 se
292 1303 351 1323 abbia

138 1329 175 1349 ben
192 1329 245 1350 fanu
264 1337 276 1349 a
294 1337 350 1350 mnu-

138 1361 208 1376 tenere
223 1356 238 1376 1¹
245 1357 349 1384 impeguo.

385 245 447 277 144
801 239 1144 267 EPISTOLARIO

383 368 500 401 caritati
515 375 568 400 tue
584 366 806 405 transmittere,
823 377 884 409 que
900 365 945 398 sic
968 375 1021 397 me
1037 363 1190 405 devinxit,
1208 364 1295 408 quod
1314 365 1410 398 nichil
1429 376 1574 398 recusare

383 425 506 458 valeam
524 424 611 468 quod
626 424 770 464 iusseris3
791 422 932 462 fuissem,
953 422 979 455 si
996 422 1187 465 peticionem
1212 431 1301 456 tuam
1321 434 1450 456 mecum
1469 422 1573 467 diges-

381 484 504 522 sissem,
523 482 642 515 nedum
660 481 783 525 parcior
798 481 1022 525 expromissor,
1038 479 1094 513 sed
1114 481 1371 524 promptissimus
1384 480 1573 524 denegator;

381 551 556 584 parumque
583 538 700 579 deficit,
730 538 807 582 quin
834 537 1028 578 decoxerim,
1057 537 1130 571 licet
1157 549 1230 571 reus
1260 547 1292 571 et
1322 537 1445 571 debitor
1473 537 1574 571 factus

381 598 506 638 fuerim,
535 608 662 630 memor
684 595 783 629 fidem
812 608 880 629 esse
910 595 1019 635 fidem,
1046 607 1119 628 cum
1146 605 1267 628 temere
1295 596 1488 639 promiseriS,
1506 607 1574 629 non

380 666 515 688 servare.
563 654 619 688 sed
638 654 734 687 nimis
758 654 949 698 imperiosus
968 665 1013 693 es,
1032 653 1087 697 qui
1110 662 1270 697 sceptrum
1295 653 1438 686 amicicie
1461 662 1574 687 tenens

381 713 469 747 iubes
490 722 521 747 et
540 722 721 756 extorques,
742 711 819 745 dum
839 711 894 745 tibi
915 711 1030 755 places,
1051 710 1139 755 quod
1158 711 1263 744 amico
1287 723 1353 744 non
1378 711 1489 744 deceat
1514 711 1574 744 im-

380 780 511 815 petrare.
559 782 626 803 non
645 779 770 803 tantum
791 770 878 802 enim
899 769 1106 813 beneplacitis
1131 769 1250 802 nostris
1267 769 1301 802 in
1320 769 1466 802 amicicie
1486 768 1573 802 cultu

380 829 484 862 favere
514 828 679 869 debemus,
703 828 780 872 quin
810 827 908 870 longe
939 827 1043 871 magis
1071 826 1275 860 consulamus
1303 827 1428 867 amic0;
1455 827 1501 861 sic
1524 838 1574 861 sa·

380 886 486 920 tianda
518 886 634 919 mentis
658 895 766 918 nostre
798 885 908 925 libido,
934 884 1006 917 licet
1030 884 1163 917 honesta
1187 885 1236 923 sit,
1260 884 1349 928 quod
1375 885 1480 918 amico
1505 896 1572 918 non

380 955 508 977 noceas.

555 955 617 987 que
641 955 689 976 res
713 943 876 986 sepissime
897 942 970 975 facit
990 951 1024 975 ut
1044 941 1131 985 quod
1151 942 1226 975 alias
1246 951 1278 975 et
1296 942 1512 976 communiter
1533 943 1574 977 sit

380 1001 553 1035 honestum
578 1013 594 1033 a
618 1013 674 1034 sua
698 1000 823 1034 deficiat
846 1000 1027 1041 honestate‚·
1047 1000 1074 1033 si
1099 999 1179 1034 bene
1202 1011 1270 1033 non
1295 1009 1453 1044 congruat
1480 1001 1574 1035 amici

379 1059 482 1093 rebus.

469 1118 639 1159 Quantum
659 1127 766 1150 autem
788 1116 827 1150 ad
846 1116 1051 1160 publicandas
1075 1117 1224 1161 epistolas
1244 1128 1331 1150 meas
1356 1118 1478 1158 attinet,
1495 1117 1573 1162 quid

379 1175 515 1209 sentiam
534 1174 777 1218 diligentissime
797 1174 931 1208 discussi
951 1186 1026 1208 cum
1046 1173 1181 1208 domino
1202 1174 1357 1209 Paduano
1381 1175 1480 1220 longa
1497 1176 1573 1210 satis

379 1233 522 1277 epistola,
553 1244 650 1277 quam
677 1233 759 1266 inter
781 1232 849 1266 illas
874 1233 1047 1276 exemplari
1071 1232 1142 1266 feci.

1208 1232 1342 1272 videbis,
1367 1242 1403 1267 ut
1425 1245 1466 1267 ex
1489 1233 1572 1267 illius

378 1292 458 1325 serie
482 1291 636 1325 iudicium
659 1300 751 1325 tuum
776 1292 826 1331 sit,
853 1302 893 1324 an
920 1300 954 1324 tu
979 1290 1090 1324 feceris
1114 1291 1322 1325 amicabiliter
1347 1291 1411 1325 hoc
1434 1292 1573 1336 exigere,

379 1361 418 1382 an
438 1362 500 1393 ego
519 1350 685 1383 temerarie
698 1349 749 1383 vel
768 1349 954 1393 promittere
974 1348 1025 1382 vel
1044 1349 1203 1393 promissa
1222 1360 1356 1383 servare.

434 1470 450 1486 1.
460 1462 489 1485 R¹
505 1464 679 1486 transmittet-ere
695 1464 748 1491 (sic)
764 1469 808 1485 car.
823 1467 862 1485 tue

377 1504 480 1532 supplire
489 1504 522 1525 ad
532 1504 673 1526 un‘evidente
684 1504 768 1526 lacuna
777 1504 816 1525 del
826 1505 884 1525 testo
892 1510 901 1530 ‚·
920 1503 954 1524 Th
961 1503 1058 1532 preseri
1066 1505 1158 1525 mutare
1168 1509 1270 1526 recusare
1284 1503 1309 1525 in
1319 1510 1447 1526 recusarem

801 1544 823 1566 6.
838 1542 868 1566 R¹
883 1543 944 1572 dopo
959 1543 1060 1565 amicicie
1075 1549 1160 1565 rec-ava
1173 1544 1257 1566 scritto
1266 1544 1329 1566 cultu
1340 1543 1416 1566 favere
1424 1545 1510 1574 chesn
1518 1551 1574 1568 cau-

812 1591 844 1607 ιι.
855 1588 880 1607 ut
890 1590 975 1606 manca
990 1584 1028 1606 κε’
1039 1584 1104 1606 codd.
1136 1585 1167 1613 et]
1186 1584 1218 1606 Th
1232 1584 1294 1613 quod

381 1544 414 1566 Th
430 1545 563 1566 decesserim
595 1545 628 1573 et]
647 1544 680 1566 Th
695 1544 748 1573 quin

376 1586 467 1608 cenato.
522 1592 544 1613 7.
560 1585 631 1613 iubes]
646 1584 677 1607 R¹
693 1585 756 1607 nibes

1405 1350 1500 1383 mitto
1518 1349 1575 1384 tibi

918 1469 963 1484 1-2.
980 1461 1010 1484 L¹
1019 1461 1049 1485 R¹
1063 1455 1181 1485 'omettono
1195 1463 1282 1486 valeam
1296 1463 1327 1485 da
1343 1470 1378 1486 me
1391 1464 1522 1488 intr-odone
1529 1471 1575 1494 per

1508 1503 1571 1532 41⁴¹

1352 1590 1386 1614 ¹³·
1397 1583 1429 1607 R¹
1438 1585 1574 1614 doporebu·

376 1631 431 1647 reca
446 1627 466 1648 ἃ.
479 1625 537 1647 infra
551 1627 592 1648 ac.
607 1631 620 1646 e
634 1625 676 1654 qui
688 1625 707 1647 s’
716 1627 810 1647 armta
825 1625 850 1646 in
864 1630 916 1647 esso
931 1624 1065 1653 1¹epistola.

376 1725 438 1752 ibid.
460 1734 482 1752 c.
501 1732 534 1760 49
545 1725 590 1758 Α);
611 1724 637 1751 vi
655 1731 760 1751 restava
779 1724 834 1751 fino
853 1724 886 1751 ad
906 1733 951 1750 au-

375 1774 461 1794 tunno
482 1773 612 1794 avanzato
632 1776 646 1793 e
673 1767 734 1794 solo
759 1766 777 1793 il
803 1767 897 1802 giorno
925 1767 951 1793 di

375 1808 481 1842 Natale,
501 1809 607 1835 avendo
632 1808 777 1844 impiegato
806 1809 878 1835 circa
898 1816 951 1835 una

377 1852 550 1886 cinquantina
570 1851 596 1877 di
616 1851 703 1885 giomi
723 1851 767 1877 nel
787 1851 900 1885 viaggio
917 1850 950 1877 da

377 1893 522 1928 Avignone
553 1894 580 1919 in
604 1893 659 1928 giu,
679 1893 804 1919 rivedeva
824 1892 951 1925 Firenze3

378 1936 455 1963 Cron.
467 1945 510 1971 pp.
526 1943 628 1970 50-51;
654 1944 694 1971 ep.
711 1936 751 1962 de'
763 1935 840 1963 Dieci
857 1935 951 1971 «Regi

379 1988 393 2003 «
407 1978 570 2004 Francorum
583 1989 596 2003 n
608 1977 653 2005 del
668 1986 696 2013 3¹
709 1978 845 2004 dicembre
853 1978 880 2004 in
892 1978 949 2012 Leg.

375 2030 386 2047 e
407 2021 504 2047 Comm.
526 2020 575 2048 &c.
605 2029 629 2047 c.
657 2028 690 2056 79
701 2028 724 2047 Β.
765 2021 817 2047 Era
846 2028 950 2055 appena

374 2063 469 2098 giunto
485 2071 500 2089 e
519 2063 563 2098 gia
576 2063 598 2089 si
613 2067 728 2089 trattava
744 2062 771 2088 di
784 2062 949 2089 rimandarlo

375 2105 457 2131 dond’
471 2113 517 2131 era
536 2111 635 2131 venuto
651 2104 699 2140 (cf.
715 2105 788 2132 Cons.
799 2114 811 2131 e
826 2105 950 2136 Praeiche,

374 2155 430 2182 reg.
453 2154 493 2182 34,
512 2156 536 2174 c.
564 2148 594 2181 85
604 2155 632 2180 Α,
660 2155 692 2181 27
719 2146 886 2182 dicembre);
904 2147 948 2173 in-

374 2188 433 2216 fatti
452 2189 471 2216 il
493 2198 523 2216 12
543 2190 659 2225 germaio
673 2190 698 2217 ei
711 2190 800 2216 riceve
812 2189 855 2216 dai
871 2189 949 2216 Dieci

374 2230 400 2257 la
419 2237 483 2257 nota
499 2231 531 2257 ed
544 2230 735 2258 informazione
751 2231 778 2257 di
791 2230 882 2267 quello
899 2231 949 2257 che

374 2272 409 2299 ha
429 2281 444 2299 a
463 2272 517 2300 fare
543 2273 570 2299 in
595 2273 706 2300 Francia
727 2274 796 2309 (Leg.
816 2283 828 2300 ε
848 2272 949 2300 Comm.

376 2323 399 2342 c.
419 2315 504 2348 802³);
523 2315 542 2341 il
564 2323 604 2350 15,
620 2316 691 2342 com'
700 2316 725 2343 ei
752 2316 838 2343 scrive
857 2316 949 2350 (Cron.

375 2365 399 2391 p.
421 2358 474 2392 51),
492 2366 509 2384 o
528 2357 547 2384 il
578 2357 617 2391 16,
642 2366 720 2385 come
748 2359 763 2385 e
785 2358 859 2385 detto
879 2358 950 2389 nelle

375 2400 433 2435 Lag.
452 2409 463 2427 e
484 2400 580 2427 Comm.
593 2400 646 2429 loc.
660 2401 713 2434 cit„
727 2402 748 2428 si
764 2409 836 2437 poue
850 2402 878 2428 in
891 2402 949 2434 via;

997 1732 1011 1750 e
1031 1731 1102 1759 poco
1115 1731 1253 1758 appresso,
1265 1728 1441 1751 attraversato
1457 1724 1475 1751 il
1490 1725 1573 1753 Friuli

997 1774 1011 1792 e
1031 1766 1055 1792 la
1073 1765 1207 1798 Svizzera,
1229 1772 1335 1793 toccate
1357 1767 1502 1800 Costanza,
1521 1767 1573 1794 Ba-

996 1807 1070 1841 silea,
1090 1807 1218 1843 LangreS,
1234 1817 1341 1844 sempre
1360 1819 1375 1834 α
1385 1815 1426 1836 tra
1439 1806 1572 1843 linevi»,

996 1850 1091 1878 eccolo
1111 1860 1126 1877 a
1151 1851 1250 1887 Parigi.
1293 1851 1314 1878 E
1333 1852 1379 1888 qui
1407 1852 1430 1879 si
1447 1854 1573 1880 trattieue

995 1892 1053 1919 fino
1073 1901 1088 1919 a
1107 1901 1201 1920 mezzo
1229 1901 1336 1926 marzo;
1364 1894 1420 1929 poi,
1447 1900 1572 1922 ottenuta

996 1935 1099 1962 licenza
1118 1935 1162 1962 del
1177 1935 1288 1970 rimmo,
1307 1936 1335 1962 in
1350 1944 1413 1963 men
1426 1936 1453 1963 di
1471 1936 1572 1964 dician-

995 1986 1065 2004 nove
1084 1977 1181 2013 giomi,
1199 1979 1300 2004 riemra
1318 1978 1346 2005 in
1374 1979 1459 2013 patria
1478 1978 1571 2012 (cren.

995 2029 1021 2055 p.
1042 2020 1096 2054 55).
1135 2020 1177 2047 Or
1189 2020 1298 2055 poiche,
1310 2020 1404 2048 dentre
1419 2021 1480 2057 que‘
1490 2021 1572 2048 limiti

995 2063 1022 2089 di
1040 2069 1134 2098 tempo
1150 2063 1201 2089 che
1215 2071 1269 2090 non
1287 2063 1311 2090 ci
1324 2064 1339 2090 ὲ
1358 2063 1439 2090 lecito
1451 2071 1571 2098 varcare,

993 2105 1013 2132 il
1033 2105 1094 2132 Pitti
1114 2113 1170 2132 non
1187 2107 1268 2141 passo
1287 2114 1302 2132 a
1321 2105 1411 2141 Par-igi
1426 2105 1571 2134 altr’emte

993 2147 1028 2174 da
1047 2147 1138 2183 quella
1157 2147 1199 2175 del
1222 2146 1288 2184 1396
1306 2147 1469 2183 all'infuori,
1483 2148 1570 2176 riesce

994 2191 1076 2217 ovvio
1116 2190 1277 2217 concludere
1309 2190 1361 2217 che
1388 2190 1415 2218 la
1446 2197 1571 2226 presente

994 2232 1062 2259 deve
1080 2241 1170 2259 essere
1189 2237 1258 2259 stata
1277 2233 1368 2259 scritta
1387 2233 1431 2259 dal
1452 2232 1480 2260 S.
1498 2233 1516 2260 il
1539 2240 1571 2267 14

993 2274 1080 2310 luglio
1101 2275 1127 2301 di
1146 2274 1309 2310 quell’auno
1326 2283 1374 2310 per
1389 2274 1407 2301 1‘
1417 2281 1536 2311 appunto
1555 2283 1571 2303 e

995 2322 1163 2352 consegnata
1181 2316 1215 2343 da
1240 2316 1278 2344 lui
1307 2317 1334 2344 al
1361 2317 1434 2350 Pitti,
1452 2317 1472 2344 il
1490 2318 1571 2354 quale

994 2369 1039 2387 era
1056 2360 1100 2395 gia
1114 2359 1183 2387 sulle
1195 2368 1298 2393 mosse,
1312 2360 1412 2396 perche
1424 2360 1450 2387 la
1466 2369 1570 2388 recasse

993 2411 1008 2429 a
1028 2403 1143 2430 destino.

1604 896 1643 920 10

1603 1185 1640 1218 15
