1682 2762
465 240 513 267 DI
543 239 807 269 COLUCCIO
839 240 1094 269 SALUTATI

184 373 257 398 cant
275 365 376 398 vitam
399 364 544 409 perdunt,
568 365 624 398 sed
647 365 720 409 quia
741 373 908 410 peccatum
933 366 974 399 sit
996 376 1090 399 causa
1114 365 1235 411 peccati
1259 365 1298 399 ad
1321 365 1374 399 de·
1399 377 1434 392 ιι·
1452 371 1516 392 ⁸⁰⁵⁶
1537 372 1612 400 reah*

584 423 701 456 ociosis
734 431 843 457 autem
875 433 906 457 et
933 423 1099 457 desidiosis
1130 434 1284 468 magnam
1307 423 1372 457 vite

182 422 280 455 terius
311 431 526 466 preparentur.

1308 241 1372 277 249

181 488 306 523 partem
332 479 413 513 elabi
443 479 563 520 dicunt,
596 480 679 512 sicut
707 479 962 514 inconstantibus
993 489 1026 514 et
1052 481 1146 515 variis
1178 481 1276 514 totius
1306 481 1372 514 vite

181 538 286 581 spacia
304 537 444 582 deperire
454 538 500 571 (¹).

549 537 680 582 quidam
693 547 802 571 autem
816 538 957 572 maxime
971 538 1168 583 temporibus
1187 539 1303 573 nostris
1316 550 1371 573 au-

180 596 332 629 ctoritatis
360 604 393 629 et
418 595 503 629 fame
535 596 696 639 scripsisse
727 595 870 637 refertur,
893 596 982 640 quod
1005 608 1124 641 magna
1146 597 1211 631 vite
1233 608 1306 642 pars
1327 597 1373 631 la-

180 653 270 688 batur
292 654 428 695 vitiosis,
452 655 593 688 maxima
611 654 741 695 ociosis,
764 662 832 688 tota
854 665 932 688 vero
955 655 1193 690 simulatoribus
1216 665 1248 690 et
1267 656 1370 700 hypo—

179 712 272 753 critis,
282 713 338 759 qui
351 712 510 757 siquidem
521 712 605 746 aliud
617 721 714 757 agant
725 723 823 756 quam
834 713 973 747 sentiant
981 712 1026 747 (²).
1065 714 1146 748 alius
1159 724 1237 748 vero
1251 713 1369 748 dixisse

230 831 252 848 a.
269 825 289 848 V
299 825 381 848 cetenis
391 826 444 854 (εἰς)
501 832 524 855 3.
537 825 605 855 sicut]
625 826 644 848 V
652 825 671 848 si
684 825 727 848 erit
780 831 836 854 4-5.
849 825 1046 849 vanam-iuribus
1101 833 1124 857 5.
1134 826 1170 850 11¹
1181 828 1287 851 refer-trun
1295 835 1372 852 emen·

176 865 233 889 dato
247 866 272 888 In
285 865 381 889 refertur·
436 866 480 895 5-6.
493 865 530 888 Μ2
543 872 595 895 pars
608 866 650 890 vit.
664 866 764 889 elabatur
790 864 821 888 1.²
832 866 874 890 vit.
888 866 932 890 lab.
959 866 1070 890 Phbitnr
1124 868 1146 891 6.
1157 867 1194 891 Μι
1203 869 1264 898 dopo
1273 869 1371 892 maxima

139 905 276 928 'davero

211 1001 254 1035 (ι)
274 1001 616 1038 Cotest’interpretazione,
639 1008 751 1031 sottota-

175 1042 264 1070 cendo
283 1045 348 1079 pero
372 1052 478 1080 sempre
503 1044 522 1071 il
546 1053 628 1072 nome
653 1046 680 1072 di
705 1045 750 1072 chi

174 1083 193 1111 1'
202 1093 288 1112 aveva
305 1086 460 1122 escogitata,
475 1087 490 1113 e
508 1092 576 1114 stata
591 1086 692 1114 riferita
704 1087 748 1114 dal

175 1127 203 1155 S.
223 1133 296 1155 sotto
314 1127 403 1156 forma
417 1129 546 1165 alquanto
559 1131 604 1165 piu
618 1130 709 1166 anapia
722 1131 749 1157 in

174 1177 227 1197 nna
251 1178 299 1197 sua
325 1171 464 1207 autograt'a
488 1171 596 1207 postilla
622 1172 665 1199 del
689 1173 749 1200 cod,

173 1211 253 1239 Laut.
268 1212 331 1240 Aed.
345 1212 442 1246 CLXI,
457 1221 481 1241 c.
495 1213 528 1247 58
537 1221 566 1241 n:
580 1223 595 1239 α
606 1214 681 1242 Dixit
695 1215 750 1251 qui-

174 1263 189 1278 «
203 1253 279 1281 dam:
298 1255 374 1281 omni
393 1261 516 1290 tempore
533 1262 580 1283 aut
598 1255 670 1283 male
692 1256 749 1291 agi-

174 1304 261 1323 «mus
291 1302 338 1324 ant
363 1297 447 1324 nichil
473 1298 580 1334 agimus
608 1305 654 1326 aut
681 1299 748 1327 bene

174 1339 307 1374 «agimus
329 1345 376 1367 aut
399 1340 469 1367 inter
492 1341 610 1376 predicta
635 1342 702 1368 varii
721 1348 748 1369 et

173 1391 188 1406 ι
201 1382 385 1410 inconstantes
417 1391 520 1411 sumus.
576 1384 646 1411 male
680 1393 746 1421 ergo

173 1434 188 1450 cr
200 1431 313 1460 agentes
332 1425 445 1461 perdunt
469 1427 618 1454 maximam
644 1434 747 1463 partem

173 1475 188 1491 s
200 1467 262 1500 vite,
280 1468 341 1503 quia
360 1473 387 1494 et
405 1467 480 1495 illam
504 1475 606 1504 partem
624 1469 746 1505 perdunt,

173 1517 188 1533 ι
200 1508 228 1535 in
239 1517 290 1545 qua
300 1515 362 1536 sunt
374 1510 401 1536 in
414 1510 475 1546 ipso
485 1517 546 1538 actu
556 1512 627 1538 male
640 1512 746 1547 agendi,

172 1560 187 1576 κ
200 1556 228 1578 et
245 1559 308 1578 curn
326 1552 360 1579 ab
381 1558 444 1579 actu
468 1553 535 1580 mali
559 1560 673 1588 cessant,
691 1563 747 1590 pre·

172 1602 188 1618 α
201 1592 298 1620 cedens
307 1593 394 1621 malus
403 1600 478 1622 actus
487 1595 635 1632 indisponit
647 1596 680 1623 ad
693 1597 746 1624 alia

172 1644 187 1660 ι
202 1635 274 1662 bona
291 1642 319 1663 et
336 1642 459 1672 preparat
478 1637 511 1664 ad
530 1637 672 1672 deteriora,
685 1639 746 1675 quia

171 1686 187 1702 α
199 1684 340 1713 peccatum
359 1685 400 1706 est
423 1688 505 1707 causa
527 1681 642 1716 peccati3
661 1687 688 1708 et
706 1682 745 1709 sic

171 1729 186 1744 ι
199 1721 312 1756 perdunt
326 1722 473 1749 maximam
485 1728 589 1758 partem
607 1724 669 1758 vite.
705 1725 746 1752 ni—

172 1771 187 1787 «
202 1762 257 1790 chil
275 1769 397 1798 agentes,
415 1764 508 1800 quales
530 1772 593 1793 sunt
613 1767 699 1794 ociosi
718 1772 746 1794 et

172 1814 186 1829 α
199 1804 334 1839 desidiosi,
353 1806 450 1842 quibus
473 1808 528 1835 vita
553 1808 692 1845 surripitur
717 1814 749 1837 et

171 1855 187 1872 α
198 1847 304 1881 excidit,
334 1848 449 1884 perdunt
479 1858 609 1886 magnam
640 1856 744 1887 partem

171 1898 186 1915 et
198 1889 265 1922 vite3
284 1889 369 1924 illam,
386 1891 496 1924 scilicet,
507 1900 560 1928 qua
579 1893 640 1920 ocio
658 1900 686 1921 et
697 1893 744 1921 de-

169 1941 185 1956 ι
198 1931 265 1959 sidie
283 1939 388 1960 vacant.
423 1933 496 1961 aliud
511 1941 631 1970 agentes,
649 1936 741 1972 quales

169 1982 184 1998 «r
197 1980 260 2000 sunt
278 1974 344 2001 varii
366 1975 390 2002 δι
414 1975 607 2010 inconstantes,
630 1978 743 2013 perdunt

168 2022 184 2038 ι
196 2019 283 2041 totam
301 2016 385 2042 vitam
406 2022 515 2052 propter
533 2025 630 2044 eorum
647 2018 742 2046 incon·

169 2065 185 2081 ι
196 2057 332 2084 stantiam.
368 2064 395 2085 et
407 2058 440 2085 ad
454 2059 505 2086 hec
518 2058 580 2087 facit
591 2060 665 2096 quod
677 2061 743 2089 dicit

168 2107 183 2123 α
197 2099 224 2126 ἰιι
243 2099 355 2135 epistola
374 2107 482 2134 .xxx11.,
501 2109 552 2138 que
575 2102 667 2138 incipit
685 2103 742 2130 In-

169 2141 300 2177 «quiro
317 2151 341 2169 a.
381 2142 418 2169 Di
444 2144 530 2179 quest’
539 2144 667 2180 opinione
694 2155 742 2182 par

167 2181 238 2210 fosse
255 2182 275 2210 il
293 2183 428 2217 Petrarca,
443 2193 459 2212 a
478 2185 634 2221 giudicarne
653 2187 686 2214 da
704 2196 741 2215 un

166 2223 250 2261 luogo
274 2226 319 2261 gii
344 2226 378 2253 da
401 2226 448 2254 noi
470 2228 607 2256 ricordato
632 2229 677 2256 del
702 2230 741 2258 De

167 2275 227 2294 rm
239 2271 289 2295 μιν.
304 2268 369 2303 jore.
385 2268 418 2302 11,
434 2276 465 2304 75
483 2269 530 2304 (cf.
546 2270 567 2304 1,
579 2271 622 2304 64,
635 2277 698 2298 nota
713 2272 740 2308 3)

167 2315 183 2336 e
201 2308 235 2336 da
252 2315 354 2346 quanto
372 2311 460 2338 scrive
482 2311 516 2340 G.
537 2311 672 2341 BuzrzzA
696 2313 742 2341 nel

169 2349 311 2379 Corum
329 2352 381 2380 alle
399 2354 506 2390 Epistola
526 2355 552 2382 di
577 2355 692 2388 Seneca,
713 2357 741 2384 di

167 2392 211 2419 cui
228 2393 264 2420 ivi
279 2393 414 2422 sacemmo
428 2403 493 2431 pure
508 2398 651 2425 menzione
664 2397 697 2426 ed
712 2398 740 2425 in

272 2462 381 2488 Cotuato
394 2465 508 2495 sanun,
522 2467 567 2489 111.

796 1007 889 1039 queste
906 1007 971 1029 note
995 1001 1163 1037 largamente
1187 1003 1213 1030 ci
1237 1012 1371 1038 varremo,

795 1044 895 1080 perche
915 1052 965 1071 con
985 1044 1086 1080 grande
1099 1044 1235 1080 diligenza
1255 1045 1291 1073 ha
1312 1055 1371 1074 rac-

796 1086 868 1114 colto
893 1092 962 1113 tutte
990 1086 1015 1113 le
1042 1086 1257 1123 interpretazioni
1283 1097 1371 1117 messe

794 1127 866 1155 fuori
884 1129 971 1164 prima
989 1128 1017 1155 di
1035 1128 1082 1157 lui.
1120 1138 1135 1155 κ
1147 1129 1272 1158 Petrarca
1292 1133 1372 1159 inter-

798 1181 813 1196 «
825 1177 933 1207 rogatus
947 1171 981 1198 de
998 1170 1052 1199 hoc
1072 1179 1151 1207 passu
1164 1182 1190 1205 ι,
1208 1172 1294 1200 scrive
1306 1173 1371 1200 dun-

794 1221 846 1249 que
874 1212 891 1239 1’
901 1213 1035 1240 umanista
1061 1213 1248 1249 bergamasco,
1278 1226 1292 1242 ι
1306 1215 1371 1243 illud

795 1265 810 1280 er
823 1257 934 1282 asseruit
952 1264 981 1282 se
1001 1256 1114 1292 opinari,
1128 1257 1215 1293 ipsum
1235 1258 1371 1286 Senecam

794 1306 810 1322 α
822 1298 845 1324 si
864 1297 1035 1324 revivisceret
1047 1299 1071 1325 δι
1084 1298 1293 1334 interrogaretur
1307 1301 1370 1336 quid

794 1349 809 1365 α
821 1339 872 1366 sibi
889 1339 1006 1367 voluerit
1023 1341 1052 1367 in
1073 1348 1104 1368 ea
1124 1348 1209 1377 parte,
1226 1350 1283 1369 non
1305 1343 1369 1370 satis

793 1391 808 1407 α
822 1390 903 1418 posse
925 1382 1058 1418 explicare
1080 1390 1182 1411 textum
1207 1393 1302 1419 suum;
1324 1394 1370 1413 ve-

793 1434 808 1449 «
821 1433 892 1457 rum,
911 1430 942 1452 ut
957 1425 1007 1452 sibi
1031 1425 1177 1459 videbatur,
1195 1426 1261 1453 illud
1285 1433 1296 1454 t
1306 1433 1343 1455 ot
1354 1436 1369 1455 a

793 1466 928 1493 «aliud
955 1467 1168 1503 agentibus
1195 1468 1309 1496 debebat
1327 1477 1370 1496 ex-

793 1518 807 1534 «
822 1509 901 1545 poni:
922 1510 1027 1537 aliud
1057 1511 1282 1546 agentibus,
1301 1512 1370 1540 idest

793 1551 1043 1586 «inconstantibus,
1067 1554 1112 1589 qui
1138 1553 1166 1580 in
1192 1554 1268 1581 nullo
1294 1555 1368 1582 bono

792 1603 807 1619 α
821 1593 996 1622 fundamento
1026 1601 1139 1631 possunt
1168 1604 1288 1632 unquam
1315 1597 1367 1624 sibi

792 1645 807 1660 α
821 1637 967 1664 consistere
977 1646 1008 1670 »;
1022 1637 1082 1664 cod.
1096 1637 1166 1664 della
1180 1638 1251 1666 Gov.
1264 1638 1291 1666 di
1303 1639 1368 1667 Cre-

791 1685 874 1704 mona
892 1678 951 1711 128,
967 1687 991 1706 c.
1010 1687 1055 1706 ιιι
1067 1687 1092 1706 Β.
1129 1679 1270 1708 Conviene
1282 1681 1309 1707 in
1322 1681 1367 1708 cio

790 1719 832 1747 col
850 1719 976 1748 Petrai-ca
995 1721 1030 1749 U.
1055 1721 1225 1750 Dncmmo
1247 1722 1294 1750 nel
1315 1731 1367 1751 suo

789 1761 898 1789 Moralis
919 1763 1009 1798 philos.
1028 1763 1118 1799 dialog.
1123 1773 1134 1795 ,-
1161 1764 1220 1792 cod.
1239 1765 1366 1793 Ambros.

789 1803 821 1836 Β,
843 1811 888 1839 123
910 1813 968 1840 sup.
987 1813 1011 1832 c.
1034 1813 1118 1841 ¹09¹*-

824 1847 867 1883 (2)
886 1847 938 1874 Era
956 1854 1051 1884 quesn
1065 1848 1091 1875 la
1103 1855 1230 1876 sentenza
1242 1849 1270 1876 di
1284 1850 1365 1878 Albe-

787 1888 846 1924 rigo
855 1889 888 1916 da
899 1889 1030 1924 Rosciate,
1046 1891 1152 1918 celebre
1161 1891 1362 1928 giureconsulto

788 1930 860 1958 della
887 1932 975 1967 prima
999 1934 1073 1960 meta
1097 1933 1142 1960 del
1166 1933 1312 1967 Trecento,
1336 1942 1365 1961 se

788 1974 934 2009 prestiamo
953 1974 1012 2002 fede
1028 1975 1054 2002 al
1069 1975 1214 2010 BARzrzzA,
1226 1984 1269 2012 op.
1283 1985 1298 2003 e
1311 1976 1365 2004 loc.

787 2017 844 2044 cit:
861 2027 876 2043 κ
890 2018 1032 2046 Albericus
1044 2019 1078 2046 de
1093 2019 1214 2054 Roaiam,
1227 2020 1365 2056 utriusque

789 2059 880 2087 :iuris
917 2060 1108 2096 peritissimus,
1140 2061 1244 2090 dicebat
1275 2068 1361 2090 tota

788 2103 923 2131 «aliud
950 2106 1176 2141 agentibus,
1203 2107 1273 2134 idest
1295 2115 1364 2144 ypo-

788 2155 803 2170 ι
816 2146 903 2178 critis;
921 2154 984 2173 nam
999 2147 1120 2183 ypocrite
1139 2154 1222 2184 agunt
1241 2148 1313 2176 aliud
1329 2149 1362 2176 ab

788 2197 803 2213 s
816 2196 850 2215 eo
877 2189 948 2224 quod
975 2190 1091 2217 exterius
1116 2190 1270 2218 ostendunt.
1316 2191 1363 2218 sed

787 2240 802 2255 α
816 2236 888 2258 certe
901 2231 945 2258 ubi
958 2232 1080 2267 ypocrita
1092 2240 1147 2259 non
1160 2233 1282 2260 intendat
1290 2233 1363 2261 aliud

788 2282 803 2298 «c
817 2281 863 2308 per
882 2281 959 2300 suam
978 2274 1114 2309 ypocrisin
1137 2283 1220 2310 quam
1245 2275 1362 2311 gloriam

787 2325 802 2340 α
816 2315 998 2349 ambitiosam,
1007 2316 1085 2344 multi
1097 2323 1160 2344 sunt
1171 2318 1215 2354 qui
1228 2318 1362 2346 maiorem

787 2366 802 2382 α
817 2358 871 2384 vite
890 2363 994 2392 partem
1013 2359 1146 2386 amittunt.
1182 2360 1252 2387 ratio
1271 2365 1362 2388 autem

788 2408 803 2424 ι
814 2400 871 2426 eius
882 2405 948 2434 erat,
961 2399 1034 2436 quod
1047 2400 1184 2437 Scriptura
1196 2409 1274 2429 sacra
1285 2401 1361 2430 dicit:

1230 2462 1275 2491 16·

1399 452 1426 498 512¹
1434 457 1612 500 :iffl‘ffig

1399 505 1452 538 ’ψ
1469 506 1566 538 emim.

1398 531 1611 586 &mum

1399 585 1463 607 tund
1469 592 1478 610 ι

1399 656 1452 672 mm

1457 651 1611 684 ,¹⁹21ss

1398 678 1495 706 {pomi
