<?xml version="1.0" encoding="UTF-8"?>
<!DOCTYPE html PUBLIC "-//W3C//DTD XHTML 1.0 Transitional//EN"
    "http://www.w3.org/TR/xhtml1/DTD/xhtml1-transitional.dtd">
<html xmlns="http://www.w3.org/1999/xhtml" xml:lang="en" lang="en">
 <head>
  <title>
</title>
<meta http-equiv="Content-Type" content="text/html;charset=utf-8" />
  <meta name='ocr-system' content='tesseract 3.04.00' />
  <meta name='ocr-capabilities' content='ocr_page ocr_carea ocr_par ocr_line ocrx_word'/>
</head>
<body>
  <div class='ocr_page' id='page_1' title='image "./epistolariodicol17saluuoft_0506.png"; bbox 0 0 1682 2762; ppageno 0'>
   <div class='ocr_carea' id='block_1_1' title="bbox 100 403 316 777">
    <p class='ocr_par' dir='ltr' id='par_1_1' title="bbox 100 403 316 777">
     <span class='ocr_line' id='line_1_1' title="bbox 100 403 315 427; baseline -0.019 -1"><span class='ocrx_word' id='word_1_1' title='bbox 100 405 120 426; x_wconf 80' lang='lat' dir='ltr'>di</span> <span class='ocrx_word' id='word_1_2' title='bbox 135 403 244 427; x_wconf 61' lang='lat' dir='ltr'>Cicerone.</span> <span class='ocrx_word' id='word_1_3' title='bbox 261 403 315 423; x_wconf 77' lang='lat' dir='ltr'>dove</span> 
     </span>
     <span class='ocr_line' id='line_1_2' title="bbox 100 430 315 460; baseline -0.014 -8"><span class='ocrx_word' id='word_1_4' title='bbox 100 432 167 460; x_wconf 70' lang='lat' dir='ltr'>questi</span> <span class='ocrx_word' id='word_1_5' title='bbox 181 430 224 452; x_wconf 75' lang='lat' dir='ltr'>dice</span> <span class='ocrx_word' id='word_1_6' title='bbox 243 430 280 450; x_wconf 77' lang='lat' dir='ltr'>che</span> <span class='ocrx_word' id='word_1_7' title='bbox 294 430 315 449; x_wconf 82' lang='lat' dir='ltr'>in</span> 
     </span>
     <span class='ocr_line' id='line_1_3' title="bbox 100 456 314 492; baseline -0.014 -12"><span class='ocrx_word' id='word_1_8' title='bbox 100 459 150 492; x_wconf 62' lang='lat' dir='ltr'>tuit}</span> <span class='ocrx_word' id='word_1_9' title='bbox 164 458 193 486; x_wconf 73' lang='lat' dir='ltr'>gl!</span> <span class='ocrx_word' id='word_1_10' title='bbox 202 457 249 478; x_wconf 68' lang='lat' dir='ltr'>nin-i</span> <span class='ocrx_word' id='word_1_11' title='bbox 262 456 314 477; x_wconf 73' lang='lat' dir='ltr'>studi</span> 
     </span>
     <span class='ocr_line' id='line_1_4' title="bbox 101 484 316 534; baseline 0.005 -1"><span class='ocrx_word' id='word_1_12' title='bbox 101 484 316 534; x_wconf 52' lang='lat'>:25533&#39;3312‘35</span> 
     </span>
     <span class='ocr_line' id='line_1_5' title="bbox 102 537 315 586; baseline -0.009 0"><span class='ocrx_word' id='word_1_13' title='bbox 102 540 229 586; x_wconf 46' lang='lat' dir='ltr'>*mim-,²</span> <span class='ocrx_word' id='word_1_14' title='bbox 245 537 315 585; x_wconf 59' lang='lat'>{32:1⁰2</span> 
     </span>
     <span class='ocr_line' id='line_1_6' title="bbox 101 572 316 620; baseline -0.014 -6"><span class='ocrx_word' id='word_1_15' title='bbox 101 573 188 620; x_wconf 46' lang='lat' dir='ltr'>3122ss</span> <span class='ocrx_word' id='word_1_16' title='bbox 198 572 253 613; x_wconf 61' lang='lat' dir='ltr'>xiiti’h</span> <span class='ocrx_word' id='word_1_17' title='bbox 262 591 316 611; x_wconf 77' lang='lat' dir='ltr'>della</span> 
     </span>
     <span class='ocr_line' id='line_1_7' title="bbox 103 619 316 652; baseline -0.014 -11"><span class='ocrx_word' id='word_1_18' title='bbox 103 626 184 645; x_wconf 69' lang='lat' dir='ltr'>natura,</span> <span class='ocrx_word' id='word_1_19' title='bbox 190 619 248 652; x_wconf 58' lang='lat' dir='ltr'>ind!</span> <span class='ocrx_word' id='word_1_20' title='bbox 258 619 316 650; x_wconf 74' lang='lat' dir='ltr'>quui</span> 
     </span>
     <span class='ocr_line' id='line_1_8' title="bbox 103 647 315 675; baseline -0.014 -7"><span class='ocrx_word' id='word_1_21' title='bbox 103 654 139 675; x_wconf 80' lang='lat' dir='ltr'>per</span> <span class='ocrx_word' id='word_1_22' title='bbox 154 647 223 667; x_wconf 72' lang='lat' dir='ltr'>divin·</span> <span class='ocrx_word' id='word_1_23' title='bbox 243 652 315 672; x_wconf 64' lang='lat' dir='ltr'>ispum·</span> 
     </span>
     <span class='ocr_line' id='line_1_9' title="bbox 103 673 315 695; baseline -0.014 0"><span class='ocrx_word' id='word_1_24' title='bbox 103 675 164 695; x_wconf 74' lang='lat' dir='ltr'>:ione</span> <span class='ocrx_word' id='word_1_25' title='bbox 178 674 203 694; x_wconf 83' lang='lat' dir='ltr'>ed</span> <span class='ocrx_word' id='word_1_26' title='bbox 214 675 225 693; x_wconf 76' lang='lat' dir='ltr'>e</span> <span class='ocrx_word' id='word_1_27' title='bbox 235 673 315 693; x_wconf 65' lang='lat' dir='ltr'>uiuum</span> 
     </span>
     <span class='ocr_line' id='line_1_10' title="bbox 103 699 316 722; baseline -0.014 0"><span class='ocrx_word' id='word_1_28' title='bbox 103 701 157 722; x_wconf 73' lang='lat' dir='ltr'>dnlle</span> <span class='ocrx_word' id='word_1_29' title='bbox 181 701 238 721; x_wconf 73' lang='lat' dir='ltr'>forze</span> <span class='ocrx_word' id='word_1_30' title='bbox 263 699 316 719; x_wconf 76' lang='lat' dir='ltr'>den-</span> 
     </span>
     <span class='ocr_line' id='line_1_11' title="bbox 103 726 316 749; baseline -0.019 0"><span class='ocrx_word' id='word_1_31' title='bbox 103 733 172 749; x_wconf 82' lang='lat' dir='ltr'>mente</span> <span class='ocrx_word' id='word_1_32' title='bbox 188 734 199 748; x_wconf 79' lang='lat' dir='ltr'>e</span> <span class='ocrx_word' id='word_1_33' title='bbox 218 726 316 747; x_wconf 72' lang='lat' dir='ltr'>dell&#39;ani.</span> 
     </span>
     <span class='ocr_line' id='line_1_12' title="bbox 103 763 146 777; baseline 0 -1"><span class='ocrx_word' id='word_1_34' title='bbox 103 763 146 777; x_wconf 82' lang='lat' dir='ltr'>mo.</span> 
     </span>
    </p>
   </div>
   <div class='ocr_carea' id='block_1_2' title="bbox 105 984 322 1307">
    <p class='ocr_par' dir='ltr' id='par_1_2' title="bbox 105 984 322 1307">
     <span class='ocr_line' id='line_1_13' title="bbox 132 984 319 1014; baseline -0.005 -8"><span class='ocrx_word' id='word_1_35' title='bbox 132 985 185 1014; x_wconf 63' lang='grc' dir='ltr'>Οτζὲ</span> <span class='ocrx_word' id='word_1_36' title='bbox 196 985 231 1012; x_wconf 85' lang='lat' dir='ltr'>qui</span> <span class='ocrx_word' id='word_1_37' title='bbox 245 985 271 1005; x_wconf 69' lang='lat' dir='ltr'>da</span> <span class='ocrx_word' id='word_1_38' title='bbox 285 984 319 1005; x_wconf 80' lang='lat' dir='ltr'>fi·-</span> 
     </span>
     <span class='ocr_line' id='line_1_14' title="bbox 105 1011 320 1034; baseline -0.014 0"><span class='ocrx_word' id='word_1_39' title='bbox 105 1019 140 1034; x_wconf 74' lang='lat' dir='ltr'>ur</span> <span class='ocrx_word' id='word_1_40' title='bbox 153 1013 205 1033; x_wconf 81' lang='lat' dir='ltr'>bene</span> <span class='ocrx_word' id='word_1_41' title='bbox 218 1012 233 1033; x_wconf 86' lang='lat' dir='ltr'>il</span> <span class='ocrx_word' id='word_1_42' title='bbox 248 1011 320 1032; x_wconf 75' lang='lat' dir='ltr'>valore</span> 
     </span>
     <span class='ocr_line' id='line_1_15' title="bbox 107 1039 320 1071; baseline -0.005 -11"><span class='ocrx_word' id='word_1_43' title='bbox 107 1040 140 1060; x_wconf 75' lang='lat' dir='ltr'>dei</span> <span class='ocrx_word' id='word_1_44' title='bbox 162 1039 246 1071; x_wconf 65' lang='lat' dir='ltr'>termini</span> <span class='ocrx_word' id='word_1_45' title='bbox 270 1039 320 1059; x_wconf 75' lang='lat' dir='ltr'>ado-</span> 
     </span>
     <span class='ocr_line' id='line_1_16' title="bbox 106 1065 320 1115; baseline -0.009 0"><span class='ocrx_word' id='word_1_46' title='bbox 106 1065 320 1115; x_wconf 47' lang='lat' dir='ltr'>Ei‘ssissnfimfflg</span> 
     </span>
     <span class='ocr_line' id='line_1_17' title="bbox 107 1119 321 1142; baseline -0.009 0"><span class='ocrx_word' id='word_1_47' title='bbox 107 1121 195 1142; x_wconf 68' lang='lat' dir='ltr'>chin-ire</span> <span class='ocrx_word' id='word_1_48' title='bbox 215 1119 252 1140; x_wconf 81' lang='lat' dir='ltr'>che</span> <span class='ocrx_word' id='word_1_49' title='bbox 271 1125 321 1140; x_wconf 71' lang='lat' dir='ltr'>cosa</span> 
     </span>
     <span class='ocr_line' id='line_1_18' title="bbox 107 1146 321 1174; baseline -0.014 -5"><span class='ocrx_word' id='word_1_50' title='bbox 107 1147 193 1169; x_wconf 72' lang='lat' dir='ltr'>intend·</span> <span class='ocrx_word' id='word_1_51' title='bbox 207 1153 248 1167; x_wconf 81' lang='lat' dir='ltr'>con</span> <span class='ocrx_word' id='word_1_52' title='bbox 257 1146 277 1167; x_wconf 83' lang='lat' dir='ltr'>le</span> <span class='ocrx_word' id='word_1_53' title='bbox 287 1153 321 1174; x_wconf 75' lang='lat' dir='ltr'>pn-</span> 
     </span>
     <span class='ocr_line' id='line_1_19' title="bbox 107 1175 321 1196; baseline -0.009 0"><span class='ocrx_word' id='word_1_54' title='bbox 107 1175 152 1196; x_wconf 76' lang='lat' dir='ltr'>tole</span> <span class='ocrx_word' id='word_1_55' title='bbox 174 1183 185 1193; x_wconf 80' lang='grc' dir='ltr'>ι</span> <span class='ocrx_word' id='word_1_56' title='bbox 195 1179 321 1195; x_wconf 67' lang='lat' dir='ltr'>caeternum</span> 
     </span>
     <span class='ocr_line' id='line_1_20' title="bbox 109 1201 321 1225; baseline -0.005 -4"><span class='ocrx_word' id='word_1_57' title='bbox 109 1210 120 1221; x_wconf 71' lang='grc' dir='ltr'>ι</span> <span class='ocrx_word' id='word_1_58' title='bbox 130 1208 199 1223; x_wconf 73' lang='lat' dir='ltr'>terum</span> <span class='ocrx_word' id='word_1_59' title='bbox 223 1201 291 1221; x_wconf 72' lang='lat' dir='ltr'>studia</span> <span class='ocrx_word' id='word_1_60' title='bbox 301 1209 321 1225; x_wconf 72' lang='grc' dir='ltr'>ι,</span> 
     </span>
     <span class='ocr_line' id='line_1_21' title="bbox 108 1228 322 1256; baseline -0.009 -7"><span class='ocrx_word' id='word_1_61' title='bbox 108 1228 195 1256; x_wconf 64' lang='lat' dir='ltr'>giaeche</span> <span class='ocrx_word' id='word_1_62' title='bbox 213 1234 282 1248; x_wconf 75' lang='lat' dir='ltr'>menso</span> <span class='ocrx_word' id='word_1_63' title='bbox 300 1228 322 1248; x_wconf 81' lang='lat' dir='ltr'>in</span> 
     </span>
     <span class='ocr_line' id='line_1_22' title="bbox 109 1254 322 1283; baseline -0.005 -7"><span class='ocrx_word' id='word_1_64' title='bbox 109 1257 162 1277; x_wconf 71' lang='lat' dir='ltr'>sodo</span> <span class='ocrx_word' id='word_1_65' title='bbox 176 1255 191 1276; x_wconf 83' lang='lat' dir='ltr'>n</span> <span class='ocrx_word' id='word_1_66' title='bbox 205 1254 322 1283; x_wconf 63' lang='lat' dir='ltr'>signiae-xo</span> 
     </span>
     <span class='ocr_line' id='line_1_23' title="bbox 110 1284 262 1307; baseline -0.013 -3"><span class='ocrx_word' id='word_1_67' title='bbox 110 1284 130 1304; x_wconf 78' lang='lat' dir='ltr'>di</span> <span class='ocrx_word' id='word_1_68' title='bbox 144 1292 155 1303; x_wconf 69' lang='grc' dir='ltr'><strong>α</strong></span> <span class='ocrx_word' id='word_1_69' title='bbox 165 1287 234 1304; x_wconf 72' lang='lat' dir='ltr'>caeter</span> <span class='ocrx_word' id='word_1_70' title='bbox 242 1291 262 1307; x_wconf 71' lang='grc' dir='ltr'>ι,</span> 
     </span>
    </p>
   </div>
   <div class='ocr_carea' id='block_1_3' title="bbox 112 1680 328 1838">
    <p class='ocr_par' dir='ltr' id='par_1_3' title="bbox 112 1680 328 1838">
     <span class='ocr_line' id='line_1_24' title="bbox 112 1680 326 1702; baseline -0.009 0"><span class='ocrx_word' id='word_1_71' title='bbox 112 1682 130 1702; x_wconf 71' lang='lat' dir='ltr'>si</span> <span class='ocrx_word' id='word_1_72' title='bbox 141 1681 281 1702; x_wconf 76' lang='lat' dir='ltr'>eonehiudeni</span> <span class='ocrx_word' id='word_1_73' title='bbox 289 1680 326 1701; x_wconf 81' lang='lat' dir='ltr'>che</span> 
     </span>
     <span class='ocr_line' id='line_1_25' title="bbox 113 1708 326 1729; baseline -0.005 0"><span class='ocrx_word' id='word_1_74' title='bbox 113 1709 213 1729; x_wconf 73' lang='lat' dir='ltr'>Cicerone</span> <span class='ocrx_word' id='word_1_75' title='bbox 220 1708 254 1728; x_wconf 84' lang='lat' dir='ltr'>nel</span> <span class='ocrx_word' id='word_1_76' title='bbox 261 1708 296 1728; x_wconf 89' lang='lat' dir='ltr'>luo</span> <span class='ocrx_word' id='word_1_77' title='bbox 313 1715 326 1728; x_wconf 88' lang='grc' dir='ltr'><strong>ο</strong></span> 
     </span>
     <span class='ocr_line' id='line_1_26' title="bbox 113 1735 327 1756; baseline -0.005 0"><span class='ocrx_word' id='word_1_78' title='bbox 113 1737 177 1756; x_wconf 66' lang='lat' dir='ltr'>citato</span> <span class='ocrx_word' id='word_1_79' title='bbox 200 1735 251 1756; x_wconf 86' lang='lat' dir='ltr'>vuol</span> <span class='ocrx_word' id='word_1_80' title='bbox 275 1736 296 1755; x_wconf 82' lang='lat' dir='ltr'>in</span> <span class='ocrx_word' id='word_1_81' title='bbox 311 1735 327 1755; x_wconf 88' lang='lat' dir='ltr'>i-</span> 
     </span>
     <span class='ocr_line' id='line_1_27' title="bbox 114 1762 327 1789; baseline -0.014 -5"><span class='ocrx_word' id='word_1_82' title='bbox 114 1769 160 1784; x_wconf 69' lang='lat' dir='ltr'>ente</span> <span class='ocrx_word' id='word_1_83' title='bbox 184 1770 194 1781; x_wconf 67' lang='grc' dir='ltr'><strong>α</strong></span> <span class='ocrx_word' id='word_1_84' title='bbox 205 1762 253 1783; x_wconf 70' lang='lat' dir='ltr'>tutti</span> <span class='ocrx_word' id='word_1_85' title='bbox 263 1770 273 1781; x_wconf 66' lang='grc' dir='ltr'>υ</span> <span class='ocrx_word' id='word_1_86' title='bbox 298 1762 327 1789; x_wconf 75' lang='lat' dir='ltr'>gli</span> 
     </span>
     <span class='ocr_line' id='line_1_28' title="bbox 113 1789 328 1816; baseline -0.005 -6"><span class='ocrx_word' id='word_1_87' title='bbox 113 1790 168 1810; x_wconf 79' lang='lat' dir='ltr'>nudi</span> <span class='ocrx_word' id='word_1_88' title='bbox 192 1796 203 1809; x_wconf 84' lang='lat' dir='ltr'>e</span> <span class='ocrx_word' id='word_1_89' title='bbox 226 1796 268 1809; x_wconf 88' lang='lat' dir='ltr'>non</span> <span class='ocrx_word' id='word_1_90' title='bbox 294 1789 328 1816; x_wconf 62' lang='lat' dir='ltr'>gin</span> 
     </span>
     <span class='ocr_line' id='line_1_29' title="bbox 115 1816 326 1838; baseline 0 -2"><span class='ocrx_word' id='word_1_91' title='bbox 115 1825 125 1836; x_wconf 80' lang='grc' dir='ltr'>ι</span> <span class='ocrx_word' id='word_1_92' title='bbox 136 1816 201 1837; x_wconf 75' lang='grc' dir='ltr'>ιιΙιωί</span> <span class='ocrx_word' id='word_1_93' title='bbox 211 1824 221 1835; x_wconf 71' lang='lat' dir='ltr'>n</span> <span class='ocrx_word' id='word_1_94' title='bbox 239 1816 258 1836; x_wconf 81' lang='lat' dir='ltr'>di</span> <span class='ocrx_word' id='word_1_95' title='bbox 277 1816 326 1838; x_wconf 70' lang='lat' dir='ltr'>esai.</span> 
     </span>
    </p>
   </div>
   <div class='ocr_carea' id='block_1_4' title="bbox 341 266 1115 307">
    <p class='ocr_par' dir='ltr' id='par_1_4' title="bbox 341 266 1115 307">
     <span class='ocr_line' id='line_1_30' title="bbox 341 266 1115 307; baseline -0.003 -11"><span class='ocrx_word' id='word_1_96' title='bbox 341 273 406 307; x_wconf 90' lang='lat'>492</span> <span class='ocrx_word' id='word_1_97' title='bbox 766 266 1115 296; x_wconf 75' lang='lat' dir='ltr'>EPISTOLARIO</span> 
     </span>
    </p>
   </div>
   <div class='ocr_carea' id='block_1_5' title="bbox 342 389 1554 1314">
    <p class='ocr_par' dir='ltr' id='par_1_5' title="bbox 342 389 1552 964">
     <span class='ocr_line' id='line_1_31' title="bbox 342 389 1547 440; baseline -0.004 -12"><span class='ocrx_word' id='word_1_98' title='bbox 342 403 473 440; x_wconf 88' lang='lat' dir='ltr'>poetam</span> <span class='ocrx_word' id='word_1_99' title='bbox 486 402 598 427; x_wconf 86' lang='lat' dir='ltr'>natura</span> <span class='ocrx_word' id='word_1_100' title='bbox 610 393 679 437; x_wconf 88' lang='lat' dir='ltr'>ipsa</span> <span class='ocrx_word' id='word_1_101' title='bbox 692 392 796 426; x_wconf 89' lang='lat' dir='ltr'>valere</span> <span class='ocrx_word' id='word_1_102' title='bbox 814 401 846 426; x_wconf 91' lang='lat' dir='ltr'>et</span> <span class='ocrx_word' id='word_1_103' title='bbox 861 392 979 425; x_wconf 89' lang='lat' dir='ltr'>mentis</span> <span class='ocrx_word' id='word_1_104' title='bbox 996 390 1117 425; x_wconf 88' lang='lat' dir='ltr'>viribus</span> <span class='ocrx_word' id='word_1_105' title='bbox 1134 391 1264 424; x_wconf 89' lang='lat' dir='ltr'>excitari</span> <span class='ocrx_word' id='word_1_106' title='bbox 1284 400 1316 424; x_wconf 90' lang='lat' dir='ltr'>et</span> <span class='ocrx_word' id='word_1_107' title='bbox 1331 390 1421 435; x_wconf 83' lang='lat' dir='ltr'>quasi</span> <span class='ocrx_word' id='word_1_108' title='bbox 1434 389 1547 424; x_wconf 83' lang='lat' dir='ltr'>divino</span> 
     </span>
     <span class='ocr_line' id='line_1_32' title="bbox 342 448 1547 498; baseline -0.004 -11"><span class='ocrx_word' id='word_1_109' title='bbox 342 452 487 498; x_wconf 90' lang='lat' dir='ltr'>quodam</span> <span class='ocrx_word' id='word_1_110' title='bbox 511 452 624 496; x_wconf 89' lang='lat' dir='ltr'>spiritu</span> <span class='ocrx_word' id='word_1_111' title='bbox 648 450 751 485; x_wconf 85' lang='lat' dir='ltr'>inflari</span> <span class='ocrx_word' id='word_1_112' title='bbox 761 451 806 484; x_wconf 84' lang='lat'>(¹).</span> <span class='ocrx_word' id='word_1_113' title='bbox 854 459 887 484; x_wconf 93' lang='lat' dir='ltr'>et</span> <span class='ocrx_word' id='word_1_114' title='bbox 909 449 1032 483; x_wconf 81' lang='lat' dir='ltr'>subdis:</span> <span class='ocrx_word' id='word_1_115' title='bbox 1053 449 1116 483; x_wconf 94' lang='lat' dir='ltr'>hoc</span> <span class='ocrx_word' id='word_1_116' title='bbox 1140 449 1167 483; x_wconf 87' lang='lat' dir='ltr'>si</span> <span class='ocrx_word' id='word_1_117' title='bbox 1189 460 1267 482; x_wconf 88' lang='lat' dir='ltr'>sane</span> <span class='ocrx_word' id='word_1_118' title='bbox 1283 448 1479 483; x_wconf 83' lang='lat' dir='ltr'><strong>intellexisse</strong></span> <span class='ocrx_word' id='word_1_119' title='bbox 1497 448 1547 482; x_wconf 83' lang='lat' dir='ltr'>vi—</span> 
     </span>
     <span class='ocr_line' id='line_1_33' title="bbox 343 507 1547 552; baseline -0.004 -7"><span class='ocrx_word' id='word_1_120' title='bbox 343 511 432 552; x_wconf 91' lang='lat' dir='ltr'>deor,</span> <span class='ocrx_word' id='word_1_121' title='bbox 456 510 570 544; x_wconf 88' lang='lat' dir='ltr'>frustra</span> <span class='ocrx_word' id='word_1_122' title='bbox 594 519 708 543; x_wconf 89' lang='lat' dir='ltr'>natura</span> <span class='ocrx_word' id='word_1_123' title='bbox 731 509 827 550; x_wconf 87' lang='lat' dir='ltr'>valet,</span> <span class='ocrx_word' id='word_1_124' title='bbox 852 509 912 542; x_wconf 91' lang='lat' dir='ltr'>nisi</span> <span class='ocrx_word' id='word_1_125' title='bbox 932 509 1050 542; x_wconf 90' lang='lat' dir='ltr'>mentis</span> <span class='ocrx_word' id='word_1_126' title='bbox 1069 507 1190 542; x_wconf 89' lang='lat' dir='ltr'>viribus</span> <span class='ocrx_word' id='word_1_127' title='bbox 1209 508 1374 542; x_wconf 85' lang='lat' dir='ltr'><strong>excitetur.</strong></span> <span class='ocrx_word' id='word_1_128' title='bbox 1421 516 1454 540; x_wconf 92' lang='lat' dir='ltr'>et</span> <span class='ocrx_word' id='word_1_129' title='bbox 1471 518 1547 540; x_wconf 90' lang='lat' dir='ltr'>cum</span> 
     </span>
     <span class='ocr_line' id='line_1_34' title="bbox 343 565 1548 613; baseline -0.003 -10"><span class='ocrx_word' id='word_1_130' title='bbox 343 569 566 604; x_wconf 90' lang='lat' dir='ltr'>subintulisses</span> <span class='ocrx_word' id='word_1_131' title='bbox 596 568 756 613; x_wconf 88' lang='lat' dir='ltr'>poeticam</span> <span class='ocrx_word' id='word_1_132' title='bbox 785 567 931 601; x_wconf 89' lang='lat' dir='ltr'>divinam</span> <span class='ocrx_word' id='word_1_133' title='bbox 961 578 1030 600; x_wconf 91' lang='lat' dir='ltr'>rem</span> <span class='ocrx_word' id='word_1_134' title='bbox 1061 577 1130 600; x_wconf 89' lang='lat' dir='ltr'>esse</span> <span class='ocrx_word' id='word_1_135' title='bbox 1145 583 1151 589; x_wconf 88' lang='lat'><strong>·</strong></span> <span class='ocrx_word' id='word_1_136' title='bbox 1166 575 1326 611; x_wconf 85' lang='lat' dir='ltr'>oportere,</span> <span class='ocrx_word' id='word_1_137' title='bbox 1358 575 1430 611; x_wconf 91' lang='lat' dir='ltr'>post</span> <span class='ocrx_word' id='word_1_138' title='bbox 1457 565 1548 610; x_wconf 83' lang='lat' dir='ltr'>plura</span> 
     </span>
     <span class='ocr_line' id='line_1_35' title="bbox 343 624 1546 672; baseline -0.003 -10"><span class='ocrx_word' id='word_1_139' title='bbox 343 627 525 662; x_wconf 90' lang='lat' dir='ltr'>concludis:</span> <span class='ocrx_word' id='word_1_140' title='bbox 551 639 648 672; x_wconf 88' lang='lat' dir='ltr'>quare</span> <span class='ocrx_word' id='word_1_141' title='bbox 673 638 741 660; x_wconf 90' lang='lat' dir='ltr'>non</span> <span class='ocrx_word' id='word_1_142' title='bbox 765 626 866 660; x_wconf 91' lang='lat' dir='ltr'>modo</span> <span class='ocrx_word' id='word_1_143' title='bbox 891 635 1015 666; x_wconf 89' lang='lat' dir='ltr'>natura,</span> <span class='ocrx_word' id='word_1_144' title='bbox 1040 625 1097 659; x_wconf 92' lang='lat' dir='ltr'>sed</span> <span class='ocrx_word' id='word_1_145' title='bbox 1116 625 1236 659; x_wconf 87' lang='lat' dir='ltr'>mentis</span> <span class='ocrx_word' id='word_1_146' title='bbox 1259 624 1380 659; x_wconf 89' lang='lat' dir='ltr'>viribus</span> <span class='ocrx_word' id='word_1_147' title='bbox 1397 633 1429 658; x_wconf 89' lang='lat' dir='ltr'>et</span> <span class='ocrx_word' id='word_1_148' title='bbox 1446 625 1546 658; x_wconf 88' lang='lat' dir='ltr'>animi</span> 
     </span>
     <span class='ocr_line' id='line_1_36' title="bbox 343 684 1549 732; baseline -0.003 -11"><span class='ocrx_word' id='word_1_149' title='bbox 343 688 538 732; x_wconf 88' lang='lat' dir='ltr'>integritate,</span> <span class='ocrx_word' id='word_1_150' title='bbox 562 695 598 720; x_wconf 93' lang='lat' dir='ltr'>ut</span> <span class='ocrx_word' id='word_1_151' title='bbox 622 695 706 731; x_wconf 89' lang='lat' dir='ltr'>agat,</span> <span class='ocrx_word' id='word_1_152' title='bbox 731 695 767 719; x_wconf 90' lang='lat' dir='ltr'>ut</span> <span class='ocrx_word' id='word_1_153' title='bbox 791 685 943 719; x_wconf 88' lang='lat' dir='ltr'>exercitio</span> <span class='ocrx_word' id='word_1_154' title='bbox 967 685 1122 726; x_wconf 87' lang='lat' dir='ltr'>inveniat,</span> <span class='ocrx_word' id='word_1_155' title='bbox 1146 693 1182 718; x_wconf 94' lang='lat' dir='ltr'>ut</span> <span class='ocrx_word' id='word_1_156' title='bbox 1204 684 1337 718; x_wconf 84' lang='lat' dir='ltr'>inventa</span> <span class='ocrx_word' id='word_1_157' title='bbox 1361 691 1549 728; x_wconf 86' lang='lat' dir='ltr'>componat,</span> 
     </span>
     <span class='ocr_line' id='line_1_37' title="bbox 344 742 1550 787; baseline -0.003 -8"><span class='ocrx_word' id='word_1_158' title='bbox 344 745 476 785; x_wconf 83' lang='lat' dir='ltr'>dicetur,</span> <span class='ocrx_word' id='word_1_159' title='bbox 501 755 561 779; x_wconf 92' lang='lat' dir='ltr'>nec</span> <span class='ocrx_word' id='word_1_160' title='bbox 580 757 621 778; x_wconf 90' lang='lat' dir='ltr'>ex</span> <span class='ocrx_word' id='word_1_161' title='bbox 644 743 728 778; x_wconf 89' lang='lat' dir='ltr'>facili</span> <span class='ocrx_word' id='word_1_162' title='bbox 740 743 852 785; x_wconf 88' lang='lat' dir='ltr'>fateor,</span> <span class='ocrx_word' id='word_1_163' title='bbox 869 743 926 778; x_wconf 91' lang='lat' dir='ltr'>sed</span> <span class='ocrx_word' id='word_1_164' title='bbox 945 743 1014 777; x_wconf 89' lang='lat' dir='ltr'>sine</span> <span class='ocrx_word' id='word_1_165' title='bbox 1031 743 1181 776; x_wconf 88' lang='lat' dir='ltr'>omnium</span> <span class='ocrx_word' id='word_1_166' title='bbox 1197 742 1384 787; x_wconf 87' lang='lat' dir='ltr'>cognitione</span> <span class='ocrx_word' id='word_1_167' title='bbox 1402 751 1550 776; x_wconf 84' lang='lat' dir='ltr'>constare</span> 
     </span>
     <span class='ocr_line' id='line_1_38' title="bbox 344 799 1551 849; baseline -0.002 -11"><span class='ocrx_word' id='word_1_168' title='bbox 344 813 486 849; x_wconf 89' lang='lat' dir='ltr'>poetam.</span> <span class='ocrx_word' id='word_1_169' title='bbox 534 803 594 837; x_wconf 92' lang='lat' dir='ltr'>hec</span> <span class='ocrx_word' id='word_1_170' title='bbox 618 803 729 837; x_wconf 89' lang='lat' dir='ltr'>omnia</span> <span class='ocrx_word' id='word_1_171' title='bbox 748 811 803 836; x_wconf 89' lang='lat' dir='ltr'>tua</span> <span class='ocrx_word' id='word_1_172' title='bbox 821 812 908 844; x_wconf 92' lang='lat' dir='ltr'>sunt,</span> <span class='ocrx_word' id='word_1_173' title='bbox 927 811 963 836; x_wconf 85' lang='lat' dir='ltr'>ut</span> <span class='ocrx_word' id='word_1_174' title='bbox 977 813 1017 836; x_wconf 90' lang='lat' dir='ltr'>ex</span> <span class='ocrx_word' id='word_1_175' title='bbox 1031 801 1138 836; x_wconf 85' lang='lat' dir='ltr'>verbis</span> <span class='ocrx_word' id='word_1_176' title='bbox 1154 801 1323 836; x_wconf 87' lang='lat' dir='ltr'>Ciceronis</span> <span class='ocrx_word' id='word_1_177' title='bbox 1340 801 1399 835; x_wconf 88' lang='lat' dir='ltr'>hec</span> <span class='ocrx_word' id='word_1_178' title='bbox 1413 799 1551 835; x_wconf 84' lang='lat' dir='ltr'>videaris</span> 
     </span>
     <span class='ocr_line' id='line_1_39' title="bbox 343 859 1552 906; baseline -0.003 -9"><span class='ocrx_word' id='word_1_179' title='bbox 343 862 461 897; x_wconf 88' lang='lat' dir='ltr'>inferre</span> <span class='ocrx_word' id='word_1_180' title='bbox 486 862 549 903; x_wconf 91' lang='lat' dir='ltr'>vel,</span> <span class='ocrx_word' id='word_1_181' title='bbox 574 871 611 896; x_wconf 93' lang='lat' dir='ltr'>ut</span> <span class='ocrx_word' id='word_1_182' title='bbox 634 861 751 896; x_wconf 87' lang='lat' dir='ltr'>rectius</span> <span class='ocrx_word' id='word_1_183' title='bbox 776 861 900 906; x_wconf 88' lang='lat' dir='ltr'>loquar,</span> <span class='ocrx_word' id='word_1_184' title='bbox 924 860 1031 894; x_wconf 89' lang='lat' dir='ltr'>inferri</span> <span class='ocrx_word' id='word_1_185' title='bbox 1055 872 1161 906; x_wconf 91' lang='lat' dir='ltr'>posse,</span> <span class='ocrx_word' id='word_1_186' title='bbox 1184 859 1322 901; x_wconf 86' lang='lat' dir='ltr'>tibimet,</span> <span class='ocrx_word' id='word_1_187' title='bbox 1347 859 1404 894; x_wconf 89' lang='lat' dir='ltr'>sed</span> <span class='ocrx_word' id='word_1_188' title='bbox 1427 859 1552 894; x_wconf 84' lang='lat' dir='ltr'>irratio-</span> 
     </span>
     <span class='ocr_line' id='line_1_40' title="bbox 345 911 1115 964; baseline -0.004 -9"><span class='ocrx_word' id='word_1_189' title='bbox 345 921 493 956; x_wconf 89' lang='lat' dir='ltr'>nabiliter</span> <span class='ocrx_word' id='word_1_190' title='bbox 511 932 587 955; x_wconf 90' lang='lat' dir='ltr'>meo</span> <span class='ocrx_word' id='word_1_191' title='bbox 610 920 742 961; x_wconf 89' lang='lat' dir='ltr'>iudicio,</span> <span class='ocrx_word' id='word_1_192' title='bbox 762 919 967 964; x_wconf 87' lang='lat' dir='ltr'><strong>persuasisse.</strong></span> <span class='ocrx_word' id='word_1_193' title='bbox 1014 924 1015 927; x_wconf 79' lang='grc'>’</span> <span class='ocrx_word' id='word_1_194' title='bbox 1103 911 1115 917; x_wconf 65' lang='grc'><strong><em>’</em></strong></span> 
     </span>
    </p>

    <p class='ocr_par' dir='ltr' id='par_1_6' title="bbox 347 978 1554 1314">
     <span class='ocr_line' id='line_1_41' title="bbox 414 978 1551 1024; baseline -0.003 -11"><span class='ocrx_word' id='word_1_195' title='bbox 414 980 579 1024; x_wconf 91' lang='lat' dir='ltr'>Principio</span> <span class='ocrx_word' id='word_1_196' title='bbox 602 978 735 1024; x_wconf 89' lang='lat' dir='ltr'>quidem</span> <span class='ocrx_word' id='word_1_197' title='bbox 760 990 828 1012; x_wconf 89' lang='lat' dir='ltr'>non</span> <span class='ocrx_word' id='word_1_198' title='bbox 852 987 900 1012; x_wconf 90' lang='lat' dir='ltr'>est</span> <span class='ocrx_word' id='word_1_199' title='bbox 919 978 982 1012; x_wconf 91' lang='lat' dir='ltr'>hoc</span> <span class='ocrx_word' id='word_1_200' title='bbox 998 989 1121 1012; x_wconf 86' lang='lat' dir='ltr'>nomen</span> <span class='ocrx_word' id='word_1_201' title='bbox 1147 986 1282 1018; x_wconf 92' lang='lat' dir='ltr'>ceter,</span> <span class='ocrx_word' id='word_1_202' title='bbox 1307 986 1463 1017; x_wconf 88' lang='lat' dir='ltr'>cetera,</span> <span class='ocrx_word' id='word_1_203' title='bbox 1487 987 1551 1011; x_wconf 89' lang='lat' dir='ltr'>ce-</span> 
     </span>
     <span class='ocr_line' id='line_1_42' title="bbox 347 1035 1551 1082; baseline -0.002 -10"><span class='ocrx_word' id='word_1_204' title='bbox 347 1048 480 1073; x_wconf 91' lang='lat' dir='ltr'>terum</span> <span class='ocrx_word' id='word_1_205' title='bbox 516 1037 597 1071; x_wconf 88' lang='lat' dir='ltr'>adeo</span> <span class='ocrx_word' id='word_1_206' title='bbox 631 1039 823 1079; x_wconf 82' lang='lat' dir='ltr'>taxativum,</span> <span class='ocrx_word' id='word_1_207' title='bbox 853 1036 942 1082; x_wconf 90' lang='lat' dir='ltr'>quod</span> <span class='ocrx_word' id='word_1_208' title='bbox 975 1037 1009 1070; x_wconf 89' lang='lat' dir='ltr'>in</span> <span class='ocrx_word' id='word_1_209' title='bbox 1045 1035 1198 1070; x_wconf 90' lang='lat' dir='ltr'>omnibus</span> <span class='ocrx_word' id='word_1_210' title='bbox 1234 1035 1383 1070; x_wconf 84' lang='lat' dir='ltr'>excludat</span> <span class='ocrx_word' id='word_1_211' title='bbox 1426 1044 1551 1080; x_wconf 84' lang='lat' dir='ltr'>partem</span> 
     </span>
     <span class='ocr_line' id='line_1_43' title="bbox 348 1093 1553 1141; baseline -0.002 -11"><span class='ocrx_word' id='word_1_212' title='bbox 348 1105 528 1141; x_wconf 87' lang='lat' dir='ltr'>exceptam.</span> <span class='ocrx_word' id='word_1_213' title='bbox 576 1107 653 1130; x_wconf 81' lang='lat' dir='ltr'>nam</span> <span class='ocrx_word' id='word_1_214' title='bbox 677 1096 703 1129; x_wconf 91' lang='lat' dir='ltr'>si</span> <span class='ocrx_word' id='word_1_215' title='bbox 728 1095 864 1129; x_wconf 88' lang='lat' dir='ltr'><strong>dixeris:</strong></span> <span class='ocrx_word' id='word_1_216' title='bbox 882 1107 958 1129; x_wconf 90' lang='lat' dir='ltr'>cum</span> <span class='ocrx_word' id='word_1_217' title='bbox 983 1104 1086 1129; x_wconf 90' lang='lat' dir='ltr'>cetere</span> <span class='ocrx_word' id='word_1_218' title='bbox 1109 1104 1223 1140; x_wconf 85' lang='lat' dir='ltr'>gentes</span> <span class='ocrx_word' id='word_1_219' title='bbox 1242 1093 1386 1128; x_wconf 89' lang='lat' dir='ltr'>studiose</span> <span class='ocrx_word' id='word_1_220' title='bbox 1402 1094 1478 1135; x_wconf 86' lang='lat' dir='ltr'>sint,</span> <span class='ocrx_word' id='word_1_221' title='bbox 1497 1095 1553 1128; x_wconf 81' lang='lat' dir='ltr'>At-</span> 
     </span>
     <span class='ocr_line' id='line_1_44' title="bbox 348 1151 1552 1199; baseline -0.002 -11"><span class='ocrx_word' id='word_1_222' title='bbox 348 1155 400 1189; x_wconf 91' lang='lat' dir='ltr'>tici</span> <span class='ocrx_word' id='word_1_223' title='bbox 419 1154 602 1199; x_wconf 88' lang='lat' dir='ltr'>eloquentia</span> <span class='ocrx_word' id='word_1_224' title='bbox 616 1153 738 1198; x_wconf 91' lang='lat' dir='ltr'>pollent</span> <span class='ocrx_word' id='word_1_225' title='bbox 744 1166 753 1195; x_wconf 91' lang='lat'>;</span> <span class='ocrx_word' id='word_1_226' title='bbox 770 1165 830 1187; x_wconf 91' lang='lat' dir='ltr'>nec</span> <span class='ocrx_word' id='word_1_227' title='bbox 842 1154 967 1187; x_wconf 85' lang='lat' dir='ltr'>Atticos</span> <span class='ocrx_word' id='word_1_228' title='bbox 983 1153 1194 1198; x_wconf 88' lang='lat' dir='ltr'>intelligimus</span> <span class='ocrx_word' id='word_1_229' title='bbox 1207 1153 1270 1186; x_wconf 91' lang='lat' dir='ltr'>hoc</span> <span class='ocrx_word' id='word_1_230' title='bbox 1283 1152 1386 1186; x_wconf 91' lang='lat' dir='ltr'>modo</span> <span class='ocrx_word' id='word_1_231' title='bbox 1397 1151 1552 1197; x_wconf 88' lang='lat' dir='ltr'>loquendi</span> 
     </span>
     <span class='ocr_line' id='line_1_45' title="bbox 349 1210 1554 1256; baseline -0.002 -9"><span class='ocrx_word' id='word_1_232' title='bbox 349 1212 512 1247; x_wconf 92' lang='lat' dir='ltr'>studiosos</span> <span class='ocrx_word' id='word_1_233' title='bbox 536 1223 604 1246; x_wconf 90' lang='lat' dir='ltr'>non</span> <span class='ocrx_word' id='word_1_234' title='bbox 628 1223 698 1246; x_wconf 90' lang='lat' dir='ltr'>esse</span> <span class='ocrx_word' id='word_1_235' title='bbox 722 1223 782 1246; x_wconf 91' lang='lat' dir='ltr'>nec</span> <span class='ocrx_word' id='word_1_236' title='bbox 804 1221 919 1256; x_wconf 87' lang='lat' dir='ltr'>gentes</span> <span class='ocrx_word' id='word_1_237' title='bbox 947 1211 1022 1246; x_wconf 88' lang='lat' dir='ltr'>alias</span> <span class='ocrx_word' id='word_1_238' title='bbox 1046 1211 1230 1256; x_wconf 83' lang='lat' dir='ltr'>eloquentia</span> <span class='ocrx_word' id='word_1_239' title='bbox 1257 1223 1324 1245; x_wconf 86' lang='lat' dir='ltr'>non</span> <span class='ocrx_word' id='word_1_240' title='bbox 1345 1210 1460 1245; x_wconf 83' lang='lat' dir='ltr'>valere.</span> <span class='ocrx_word' id='word_1_241' title='bbox 1506 1211 1554 1245; x_wconf 86' lang='lat' dir='ltr'>sic</span> 
     </span>
     <span class='ocr_line' id='line_1_46' title="bbox 350 1269 1554 1314; baseline -0.001 -10"><span class='ocrx_word' id='word_1_242' title='bbox 350 1283 426 1305; x_wconf 88' lang='lat' dir='ltr'>cum</span> <span class='ocrx_word' id='word_1_243' title='bbox 450 1271 530 1305; x_wconf 87' lang='lat' dir='ltr'>dixit</span> <span class='ocrx_word' id='word_1_244' title='bbox 549 1271 681 1304; x_wconf 87' lang='lat' dir='ltr'>Cicero:</span> <span class='ocrx_word' id='word_1_245' title='bbox 699 1279 875 1304; x_wconf 88' lang='lat' dir='ltr'>ceterarum</span> <span class='ocrx_word' id='word_1_246' title='bbox 892 1282 999 1304; x_wconf 91' lang='lat' dir='ltr'>rerum</span> <span class='ocrx_word' id='word_1_247' title='bbox 1014 1270 1118 1304; x_wconf 87' lang='lat' dir='ltr'>studia</span> <span class='ocrx_word' id='word_1_248' title='bbox 1133 1279 1166 1304; x_wconf 90' lang='lat' dir='ltr'>et</span> <span class='ocrx_word' id='word_1_249' title='bbox 1181 1269 1326 1303; x_wconf 86' lang='lat' dir='ltr'>doctrina</span> <span class='ocrx_word' id='word_1_250' title='bbox 1346 1278 1378 1303; x_wconf 91' lang='lat' dir='ltr'>et</span> <span class='ocrx_word' id='word_1_251' title='bbox 1395 1269 1554 1314; x_wconf 86' lang='lat' dir='ltr'>preceptis</span> 
     </span>
    </p>
   </div>
   <div class='ocr_carea' id='block_1_6' title="bbox 1582 922 1622 946">
    <p class='ocr_par' dir='ltr' id='par_1_7' title="bbox 1582 922 1622 946">
     <span class='ocr_line' id='line_1_47' title="bbox 1582 922 1622 946; baseline 0 0"><span class='ocrx_word' id='word_1_252' title='bbox 1582 922 1622 946; x_wconf 91' lang='lat'>10</span> 
     </span>
    </p>
   </div>
   <div class='ocr_carea' id='block_1_7' title="bbox 1584 1214 1624 1248">
    <p class='ocr_par' dir='ltr' id='par_1_8' title="bbox 1584 1214 1624 1248">
     <span class='ocr_line' id='line_1_48' title="bbox 1584 1214 1624 1248; baseline 0 0"><span class='ocrx_word' id='word_1_253' title='bbox 1584 1214 1624 1248; x_wconf 86' lang='lat'>15</span> 
     </span>
    </p>
   </div>
   <div class='ocr_carea' id='block_1_8' title="bbox 351 1328 1609 1374">
    <p class='ocr_par' dir='ltr' id='par_1_9' title="bbox 351 1328 1609 1374">
     <span class='ocr_line' id='line_1_49' title="bbox 351 1328 1609 1374; baseline 0 -11"><span class='ocrx_word' id='word_1_254' title='bbox 351 1341 388 1364; x_wconf 90' lang='lat' dir='ltr'>ac</span> <span class='ocrx_word' id='word_1_255' title='bbox 411 1339 477 1364; x_wconf 87' lang='lat' dir='ltr'>arte</span> <span class='ocrx_word' id='word_1_256' title='bbox 508 1339 666 1371; x_wconf 88' lang='lat' dir='ltr'>constare,</span> <span class='ocrx_word' id='word_1_257' title='bbox 697 1339 828 1374; x_wconf 90' lang='lat' dir='ltr'>poetam</span> <span class='ocrx_word' id='word_1_258' title='bbox 858 1339 972 1363; x_wconf 89' lang='lat' dir='ltr'>natura</span> <span class='ocrx_word' id='word_1_259' title='bbox 994 1330 1063 1374; x_wconf 90' lang='lat' dir='ltr'>ipsa</span> <span class='ocrx_word' id='word_1_260' title='bbox 1098 1329 1214 1370; x_wconf 87' lang='lat' dir='ltr'>valere,</span> <span class='ocrx_word' id='word_1_261' title='bbox 1239 1339 1319 1362; x_wconf 84' lang='lat' dir='ltr'>non·</span> <span class='ocrx_word' id='word_1_262' title='bbox 1341 1328 1554 1373; x_wconf 88' lang='lat' dir='ltr'>intelligimus</span> <span class='ocrx_word' id='word_1_263' title='bbox 1605 1367 1609 1370; x_wconf 52' lang='grc'><em>,</em></span> 
     </span>
    </p>
   </div>
   <div class='ocr_carea' id='block_1_9' title="bbox 352 1386 1557 1725">
    <p class='ocr_par' dir='ltr' id='par_1_10' title="bbox 352 1386 1557 1725">
     <span class='ocr_line' id='line_1_50' title="bbox 352 1386 1556 1433; baseline 0.001 -12"><span class='ocrx_word' id='word_1_264' title='bbox 352 1397 454 1422; x_wconf 89' lang='lat' dir='ltr'>artem</span> <span class='ocrx_word' id='word_1_265' title='bbox 473 1388 613 1433; x_wconf 85' lang='lat' dir='ltr'>aliquam</span> <span class='ocrx_word' id='word_1_266' title='bbox 636 1388 670 1422; x_wconf 92' lang='lat' dir='ltr'>in</span> <span class='ocrx_word' id='word_1_267' title='bbox 695 1387 803 1432; x_wconf 90' lang='lat' dir='ltr'>aliquo</span> <span class='ocrx_word' id='word_1_268' title='bbox 822 1388 962 1433; x_wconf 86' lang='lat' dir='ltr'>reperiri,</span> <span class='ocrx_word' id='word_1_269' title='bbox 986 1387 1088 1421; x_wconf 89' lang='lat' dir='ltr'>invita</span> <span class='ocrx_word' id='word_1_270' title='bbox 1108 1387 1268 1428; x_wconf 91' lang='lat' dir='ltr'>Minerva,</span> <span class='ocrx_word' id='word_1_271' title='bbox 1287 1386 1380 1427; x_wconf 87' lang='lat' dir='ltr'>idest,</span> <span class='ocrx_word' id='word_1_272' title='bbox 1395 1395 1431 1421; x_wconf 85' lang='lat' dir='ltr'>ut</span> <span class='ocrx_word' id='word_1_273' title='bbox 1449 1387 1556 1432; x_wconf 87' lang='lat' dir='ltr'>inquit</span> 
     </span>
     <span class='ocr_line' id='line_1_51' title="bbox 353 1444 1555 1490; baseline 0.001 -11"><span class='ocrx_word' id='word_1_274' title='bbox 353 1446 480 1486; x_wconf 88' lang='lat' dir='ltr'>Cicero,</span> <span class='ocrx_word' id='word_1_275' title='bbox 500 1445 689 1479; x_wconf 84' lang='lat' dir='ltr'>adversante</span> <span class='ocrx_word' id='word_1_276' title='bbox 713 1454 977 1490; x_wconf 86' lang='lat' dir='ltr'>repugnanteque</span> <span class='ocrx_word' id='word_1_277' title='bbox 993 1454 1106 1479; x_wconf 88' lang='lat' dir='ltr'>natura</span> <span class='ocrx_word' id='word_1_278' title='bbox 1115 1445 1161 1486; x_wconf 84' lang='lat'>(²),</span> <span class='ocrx_word' id='word_1_279' title='bbox 1180 1444 1236 1479; x_wconf 88' lang='lat' dir='ltr'>sed</span> <span class='ocrx_word' id='word_1_280' title='bbox 1260 1454 1392 1489; x_wconf 84' lang='lat' dir='ltr'>poetam</span> <span class='ocrx_word' id='word_1_281' title='bbox 1411 1445 1555 1480; x_wconf 85' lang='lat' dir='ltr'>maxime</span> 
     </span>
     <span class='ocr_line' id='line_1_52' title="bbox 352 1503 1555 1549; baseline -0.001 -11"><span class='ocrx_word' id='word_1_282' title='bbox 352 1513 465 1538; x_wconf 85' lang='lat' dir='ltr'>natura</span> <span class='ocrx_word' id='word_1_283' title='bbox 484 1503 614 1548; x_wconf 89' lang='lat' dir='ltr'>pollere.</span> <span class='ocrx_word' id='word_1_284' title='bbox 663 1503 802 1549; x_wconf 90' lang='lat' dir='ltr'>denique</span> <span class='ocrx_word' id='word_1_285' title='bbox 826 1515 949 1538; x_wconf 89' lang='lat' dir='ltr'>nomen</span> <span class='ocrx_word' id='word_1_286' title='bbox 974 1503 1060 1538; x_wconf 89' lang='lat' dir='ltr'>istud</span> <span class='ocrx_word' id='word_1_287' title='bbox 1085 1512 1211 1544; x_wconf 87' lang='lat' dir='ltr'>ceter,</span> <span class='ocrx_word' id='word_1_288' title='bbox 1231 1503 1362 1548; x_wconf 88' lang='lat' dir='ltr'>quando</span> <span class='ocrx_word' id='word_1_289' title='bbox 1377 1503 1414 1538; x_wconf 91' lang='lat' dir='ltr'>fit</span> <span class='ocrx_word' id='word_1_290' title='bbox 1429 1503 1468 1537; x_wconf 90' lang='lat' dir='ltr'>ab</span> <span class='ocrx_word' id='word_1_291' title='bbox 1482 1504 1555 1549; x_wconf 92' lang='lat' dir='ltr'>ipso</span> 
     </span>
     <span class='ocr_line' id='line_1_53' title="bbox 352 1552 1555 1608; baseline 0.001 -12"><span class='ocrx_word' id='word_1_292' title='bbox 352 1563 500 1607; x_wconf 88' lang='lat' dir='ltr'>exceptio</span> <span class='ocrx_word' id='word_1_293' title='bbox 516 1563 572 1604; x_wconf 89' lang='lat' dir='ltr'>rei,</span> <span class='ocrx_word' id='word_1_294' title='bbox 589 1574 651 1608; x_wconf 92' lang='lat' dir='ltr'>que</span> <span class='ocrx_word' id='word_1_295' title='bbox 667 1573 727 1596; x_wconf 88' lang='lat' dir='ltr'>suo</span> <span class='ocrx_word' id='word_1_296' title='bbox 743 1573 811 1596; x_wconf 92' lang='lat' dir='ltr'>non</span> <span class='ocrx_word' id='word_1_297' title='bbox 828 1563 1000 1596; x_wconf 88' lang='lat' dir='ltr'>conveniat</span> <span class='ocrx_word' id='word_1_298' title='bbox 1016 1572 1048 1596; x_wconf 92' lang='lat' dir='ltr'>et</span> <span class='ocrx_word' id='word_1_299' title='bbox 1062 1562 1236 1596; x_wconf 89' lang='lat' dir='ltr'>subiciatur</span> <span class='ocrx_word' id='word_1_300' title='bbox 1250 1552 1463 1604; x_wconf 83' lang='lat' dir='ltr'>substantivo,</span> <span class='ocrx_word' id='word_1_301' title='bbox 1479 1574 1555 1597; x_wconf 87' lang='lat' dir='ltr'>cum</span> 
     </span>
     <span class='ocr_line' id='line_1_54' title="bbox 354 1619 1556 1665; baseline 0 -10"><span class='ocrx_word' id='word_1_302' title='bbox 354 1621 523 1665; x_wconf 86' lang='lat' dir='ltr'>exceptive</span> <span class='ocrx_word' id='word_1_303' title='bbox 536 1632 604 1655; x_wconf 88' lang='lat' dir='ltr'>non</span> <span class='ocrx_word' id='word_1_304' title='bbox 616 1630 764 1665; x_wconf 89' lang='lat' dir='ltr'>ponatur,</span> <span class='ocrx_word' id='word_1_305' title='bbox 777 1632 844 1655; x_wconf 86' lang='lat' dir='ltr'>non</span> <span class='ocrx_word' id='word_1_306' title='bbox 858 1620 1018 1665; x_wconf 86' lang='lat' dir='ltr'>significat</span> <span class='ocrx_word' id='word_1_307' title='bbox 1033 1619 1118 1655; x_wconf 87' lang='lat' dir='ltr'>aliud</span> <span class='ocrx_word' id='word_1_308' title='bbox 1130 1632 1229 1665; x_wconf 90' lang='lat' dir='ltr'>quam</span> <span class='ocrx_word' id='word_1_309' title='bbox 1240 1621 1420 1655; x_wconf 85' lang='lat' dir='ltr'>universale</span> <span class='ocrx_word' id='word_1_310' title='bbox 1432 1633 1556 1656; x_wconf 88' lang='lat' dir='ltr'>nomen</span> 
     </span>
     <span class='ocr_line' id='line_1_55' title="bbox 354 1679 1557 1725; baseline 0.001 -12"><span class='ocrx_word' id='word_1_311' title='bbox 354 1691 463 1713; x_wconf 90' lang='lat' dir='ltr'>omne.</span> <span class='ocrx_word' id='word_1_312' title='bbox 511 1691 576 1724; x_wconf 87' lang='lat' dir='ltr'>qua</span> <span class='ocrx_word' id='word_1_313' title='bbox 591 1680 714 1714; x_wconf 87' lang='lat' dir='ltr'>ratione</span> <span class='ocrx_word' id='word_1_314' title='bbox 729 1691 803 1714; x_wconf 90' lang='lat' dir='ltr'>cum</span> <span class='ocrx_word' id='word_1_315' title='bbox 820 1679 934 1714; x_wconf 90' lang='lat' dir='ltr'>dicitur</span> <span class='ocrx_word' id='word_1_316' title='bbox 957 1691 974 1713; x_wconf 93' lang='lat' dir='ltr'>c</span> <span class='ocrx_word' id='word_1_317' title='bbox 985 1691 1002 1713; x_wconf 88' lang='lat' dir='ltr'>e</span> <span class='ocrx_word' id='word_1_318' title='bbox 1012 1688 1024 1712; x_wconf 92' lang='lat' dir='ltr'>t</span> <span class='ocrx_word' id='word_1_319' title='bbox 1035 1690 1077 1713; x_wconf 89' lang='lat' dir='ltr'>er</span> <span class='ocrx_word' id='word_1_320' title='bbox 1086 1691 1105 1713; x_wconf 88' lang='lat' dir='ltr'>a</span> <span class='ocrx_word' id='word_1_321' title='bbox 1114 1691 1130 1713; x_wconf 88' lang='lat' dir='ltr'>r</span> <span class='ocrx_word' id='word_1_322' title='bbox 1140 1692 1160 1713; x_wconf 91' lang='lat' dir='ltr'>u</span> <span class='ocrx_word' id='word_1_323' title='bbox 1171 1691 1205 1712; x_wconf 92' lang='lat' dir='ltr'>m</span> <span class='ocrx_word' id='word_1_324' title='bbox 1227 1691 1335 1713; x_wconf 86' lang='lat' dir='ltr'>rerum</span> <span class='ocrx_word' id='word_1_325' title='bbox 1349 1679 1466 1720; x_wconf 89' lang='lat' dir='ltr'>studia,</span> <span class='ocrx_word' id='word_1_326' title='bbox 1474 1679 1557 1725; x_wconf 79' lang='lat' dir='ltr'>quid</span> 
     </span>
    </p>
   </div>
   <div class='ocr_carea' id='block_1_10' title="bbox 354 1737 1557 1830">
    <p class='ocr_par' dir='ltr' id='par_1_11' title="bbox 354 1737 1557 1830">
     <span class='ocr_line' id='line_1_56' title="bbox 354 1737 1557 1783; baseline 0.002 -12"><span class='ocrx_word' id='word_1_327' title='bbox 354 1747 461 1783; x_wconf 90' lang='lat' dir='ltr'>potest</span> <span class='ocrx_word' id='word_1_328' title='bbox 475 1737 623 1782; x_wconf 89' lang='lat' dir='ltr'>intelligi,</span> <span class='ocrx_word' id='word_1_329' title='bbox 642 1738 703 1772; x_wconf 91' lang='lat' dir='ltr'>nisi</span> <span class='ocrx_word' id='word_1_330' title='bbox 729 1749 745 1771; x_wconf 95' lang='lat' dir='ltr'>c</span> <span class='ocrx_word' id='word_1_331' title='bbox 758 1751 778 1772; x_wconf 91' lang='lat' dir='ltr'>u</span> <span class='ocrx_word' id='word_1_332' title='bbox 787 1750 807 1772; x_wconf 87' lang='lat' dir='ltr'>n</span> <span class='ocrx_word' id='word_1_333' title='bbox 820 1750 837 1772; x_wconf 93' lang='lat' dir='ltr'>c</span> <span class='ocrx_word' id='word_1_334' title='bbox 849 1747 861 1772; x_wconf 97' lang='lat' dir='ltr'>t</span> <span class='ocrx_word' id='word_1_335' title='bbox 872 1750 890 1772; x_wconf 92' lang='lat' dir='ltr'>a</span> <span class='ocrx_word' id='word_1_336' title='bbox 899 1749 942 1772; x_wconf 93' lang='lat' dir='ltr'>ru</span> <span class='ocrx_word' id='word_1_337' title='bbox 954 1750 988 1772; x_wconf 92' lang='lat' dir='ltr'>m</span> <span class='ocrx_word' id='word_1_338' title='bbox 1011 1749 1118 1772; x_wconf 88' lang='lat' dir='ltr'>rerum</span> <span class='ocrx_word' id='word_1_339' title='bbox 1142 1737 1272 1772; x_wconf 87' lang='lat' dir='ltr'>studia?</span> <span class='ocrx_word' id='word_1_340' title='bbox 1304 1738 1349 1772; x_wconf 92' lang='lat' dir='ltr'>sic</span> <span class='ocrx_word' id='word_1_341' title='bbox 1369 1749 1444 1772; x_wconf 87' lang='lat' dir='ltr'>cum</span> <span class='ocrx_word' id='word_1_342' title='bbox 1463 1739 1557 1773; x_wconf 86' lang='lat' dir='ltr'>Maro</span> 
     </span>
     <span class='ocr_line' id='line_1_57' title="bbox 355 1795 612 1830; baseline 0 -1"><span class='ocrx_word' id='word_1_343' title='bbox 355 1805 466 1830; x_wconf 91' lang='lat' dir='ltr'>noster</span> <span class='ocrx_word' id='word_1_344' title='bbox 488 1795 612 1830; x_wconf 87' lang='lat' dir='ltr'>scribit:</span> 
     </span>
    </p>
   </div>
   <div class='ocr_carea' id='block_1_11' title="bbox 571 1881 1313 1918">
    <p class='ocr_par' dir='ltr' id='par_1_12' title="bbox 571 1881 1313 1918">
     <span class='ocr_line' id='line_1_58' title="bbox 571 1881 1313 1918; baseline -0.001 -9"><span class='ocrx_word' id='word_1_345' title='bbox 571 1881 668 1909; x_wconf 82' lang='lat' dir='ltr'>Cetera</span> <span class='ocrx_word' id='word_1_346' title='bbox 687 1882 754 1909; x_wconf 91' lang='lat' dir='ltr'>dum</span> <span class='ocrx_word' id='word_1_347' title='bbox 773 1881 848 1918; x_wconf 83' lang='lat' dir='ltr'>legio</span> <span class='ocrx_word' id='word_1_348' title='bbox 869 1881 973 1918; x_wconf 87' lang='lat' dir='ltr'>campis</span> <span class='ocrx_word' id='word_1_349' title='bbox 991 1881 1122 1909; x_wconf 79' lang='lat' dir='ltr'>instructa</span> <span class='ocrx_word' id='word_1_350' title='bbox 1139 1881 1313 1915; x_wconf 73' lang='lat' dir='ltr'>moraturo),</span> 
     </span>
    </p>
   </div>
   <div class='ocr_carea' id='block_1_12' title="bbox 353 1984 1559 2205">
    <p class='ocr_par' dir='ltr' id='par_1_13' title="bbox 353 1984 1559 2205">
     <span class='ocr_line' id='line_1_59' title="bbox 354 1984 1557 2030; baseline 0 -12"><span class='ocrx_word' id='word_1_351' title='bbox 354 1985 513 2029; x_wconf 89' lang='lat' dir='ltr'>quoniam</span> <span class='ocrx_word' id='word_1_352' title='bbox 536 1985 662 2030; x_wconf 90' lang='lat' dir='ltr'>proprie</span> <span class='ocrx_word' id='word_1_353' title='bbox 686 1985 773 2029; x_wconf 89' lang='lat' dir='ltr'>legio</span> <span class='ocrx_word' id='word_1_354' title='bbox 797 1984 942 2029; x_wconf 89' lang='lat' dir='ltr'>peditum</span> <span class='ocrx_word' id='word_1_355' title='bbox 968 1994 1025 2026; x_wconf 88' lang='lat' dir='ltr'>est,</span> <span class='ocrx_word' id='word_1_356' title='bbox 1050 1994 1194 2018; x_wconf 91' lang='lat' dir='ltr'>cetera</span> <span class='ocrx_word' id='word_1_357' title='bbox 1218 1984 1308 2026; x_wconf 91' lang='lat' dir='ltr'>dixit,</span> <span class='ocrx_word' id='word_1_358' title='bbox 1331 1984 1414 2018; x_wconf 90' lang='lat' dir='ltr'>idest</span> <span class='ocrx_word' id='word_1_359' title='bbox 1440 1984 1557 2018; x_wconf 88' lang='lat' dir='ltr'>omnis.</span> 
     </span>
     <span class='ocr_line' id='line_1_60' title="bbox 354 2042 1558 2088; baseline 0 -12"><span class='ocrx_word' id='word_1_360' title='bbox 354 2043 566 2087; x_wconf 89' lang='lat' dir='ltr'>appellatione</span> <span class='ocrx_word' id='word_1_361' title='bbox 597 2042 729 2088; x_wconf 90' lang='lat' dir='ltr'>quidem</span> <span class='ocrx_word' id='word_1_362' title='bbox 753 2043 902 2088; x_wconf 88' lang='lat' dir='ltr'>legionis,</span> <span class='ocrx_word' id='word_1_363' title='bbox 927 2055 989 2088; x_wconf 88' lang='lat' dir='ltr'>que</span> <span class='ocrx_word' id='word_1_364' title='bbox 1013 2054 1031 2076; x_wconf 89' lang='lat' dir='ltr'>a</span> <span class='ocrx_word' id='word_1_365' title='bbox 1053 2042 1206 2088; x_wconf 85' lang='lat' dir='ltr'>legendo,</span> <span class='ocrx_word' id='word_1_366' title='bbox 1242 2043 1304 2076; x_wconf 91' lang='lat' dir='ltr'>hoc</span> <span class='ocrx_word' id='word_1_367' title='bbox 1332 2051 1380 2076; x_wconf 93' lang='lat' dir='ltr'>est</span> <span class='ocrx_word' id='word_1_368' title='bbox 1407 2042 1558 2087; x_wconf 89' lang='lat' dir='ltr'>eligendo</span> 
     </span>
     <span class='ocr_line' id='line_1_61' title="bbox 355 2101 1558 2146; baseline 0.001 -11"><span class='ocrx_word' id='word_1_369' title='bbox 355 2101 439 2136; x_wconf 90' lang='lat' dir='ltr'>dicta</span> <span class='ocrx_word' id='word_1_370' title='bbox 463 2111 526 2143; x_wconf 82' lang='lat' dir='ltr'>est3</span> <span class='ocrx_word' id='word_1_371' title='bbox 546 2101 644 2136; x_wconf 89' lang='lat' dir='ltr'>fiebat</span> <span class='ocrx_word' id='word_1_372' title='bbox 667 2102 756 2136; x_wconf 90' lang='lat' dir='ltr'>enim</span> <span class='ocrx_word' id='word_1_373' title='bbox 779 2113 906 2146; x_wconf 89' lang='lat' dir='ltr'>semper</span> <span class='ocrx_word' id='word_1_374' title='bbox 930 2102 1094 2146; x_wconf 89' lang='lat' dir='ltr'>auspicato</span> <span class='ocrx_word' id='word_1_375' title='bbox 1114 2101 1262 2146; x_wconf 90' lang='lat' dir='ltr'>factoque</span> <span class='ocrx_word' id='word_1_376' title='bbox 1283 2101 1464 2142; x_wconf 83' lang='lat' dir='ltr'>delectu(⁴);</span> <span class='ocrx_word' id='word_1_377' title='bbox 1490 2113 1558 2136; x_wconf 89' lang='lat' dir='ltr'>non</span> 
     </span>
     <span class='ocr_line' id='line_1_62' title="bbox 353 2159 1559 2205; baseline 0.001 -12"><span class='ocrx_word' id='word_1_378' title='bbox 353 2169 490 2205; x_wconf 90' lang='lat' dir='ltr'>possunt</span> <span class='ocrx_word' id='word_1_379' title='bbox 523 2160 647 2204; x_wconf 91' lang='lat' dir='ltr'>equites</span> <span class='ocrx_word' id='word_1_380' title='bbox 678 2160 846 2201; x_wconf 89' lang='lat' dir='ltr'>contineri,</span> <span class='ocrx_word' id='word_1_381' title='bbox 875 2161 1030 2205; x_wconf 87' lang='lat' dir='ltr'>quoniam</span> <span class='ocrx_word' id='word_1_382' title='bbox 1054 2159 1134 2194; x_wconf 91' lang='lat' dir='ltr'>ordo</span> <span class='ocrx_word' id='word_1_383' title='bbox 1159 2169 1262 2194; x_wconf 90' lang='lat' dir='ltr'>certus</span> <span class='ocrx_word' id='word_1_384' title='bbox 1287 2169 1353 2194; x_wconf 88' lang='lat' dir='ltr'>erat</span> <span class='ocrx_word' id='word_1_385' title='bbox 1381 2169 1414 2193; x_wconf 85' lang='lat' dir='ltr'>et</span> <span class='ocrx_word' id='word_1_386' title='bbox 1443 2170 1559 2194; x_wconf 85' lang='lat' dir='ltr'>eorum</span> 
     </span>
    </p>
   </div>
   <div class='ocr_carea' id='block_1_13' title="bbox 355 2217 1559 2263">
    <p class='ocr_par' dir='ltr' id='par_1_14' title="bbox 355 2217 1559 2263">
     <span class='ocr_line' id='line_1_63' title="bbox 355 2217 1559 2263; baseline -0.001 -11"><span class='ocrx_word' id='word_1_387' title='bbox 355 2218 491 2263; x_wconf 91' lang='lat' dir='ltr'>quilibet</span> <span class='ocrx_word' id='word_1_388' title='bbox 523 2219 751 2263; x_wconf 88' lang='lat' dir='ltr'>consignatum</span> <span class='ocrx_word' id='word_1_389' title='bbox 789 2229 910 2263; x_wconf 90' lang='lat' dir='ltr'>equum</span> <span class='ocrx_word' id='word_1_390' title='bbox 940 2217 1102 2262; x_wconf 90' lang='lat' dir='ltr'>stipendio</span> <span class='ocrx_word' id='word_1_391' title='bbox 1134 2217 1265 2263; x_wconf 90' lang='lat' dir='ltr'>publico</span> <span class='ocrx_word' id='word_1_392' title='bbox 1295 2217 1461 2251; x_wconf 85' lang='lat' dir='ltr'>retinebat.</span> <span class='ocrx_word' id='word_1_393' title='bbox 1517 2229 1559 2252; x_wconf 87' lang='lat' dir='ltr'>an</span> 
     </span>
    </p>
   </div>
   <div class='ocr_carea' id='block_1_14' title="bbox 389 2365 793 2486">
    <p class='ocr_par' dir='ltr' id='par_1_15' title="bbox 389 2365 793 2486">
     <span class='ocr_line' id='line_1_64' title="bbox 390 2365 793 2402; baseline -0.002 -8"><span class='ocrx_word' id='word_1_394' title='bbox 390 2366 434 2402; x_wconf 92' lang='lat'>(1)</span> <span class='ocrx_word' id='word_1_395' title='bbox 451 2366 514 2394; x_wconf 78' lang='lat' dir='ltr'>Cic.</span> <span class='ocrx_word' id='word_1_396' title='bbox 531 2366 582 2394; x_wconf 86' lang='lat' dir='ltr'>Pro</span> <span class='ocrx_word' id='word_1_397' title='bbox 595 2366 702 2397; x_wconf 83' lang='lat' dir='ltr'>Archia.</span> <span class='ocrx_word' id='word_1_398' title='bbox 718 2365 793 2393; x_wconf 91' lang='lat' dir='ltr'><strong>VIII.</strong></span> 
     </span>
     <span class='ocr_line' id='line_1_65' title="bbox 389 2409 720 2444; baseline 0.003 -9"><span class='ocrx_word' id='word_1_399' title='bbox 389 2409 432 2443; x_wconf 91' lang='lat'>(2)</span> <span class='ocrx_word' id='word_1_400' title='bbox 453 2409 515 2436; x_wconf 80' lang='lat' dir='ltr'>Cic.</span> <span class='ocrx_word' id='word_1_401' title='bbox 535 2409 574 2436; x_wconf 76' lang='lat' dir='ltr'>De</span> <span class='ocrx_word' id='word_1_402' title='bbox 593 2409 633 2444; x_wconf 86' lang='lat' dir='ltr'>off.</span> <span class='ocrx_word' id='word_1_403' title='bbox 652 2409 672 2441; x_wconf 91' lang='lat'>1,</span> <span class='ocrx_word' id='word_1_404' title='bbox 691 2417 720 2436; x_wconf 87' lang='lat' dir='ltr'>x.</span> 
     </span>
     <span class='ocr_line' id='line_1_66' title="bbox 390 2450 772 2486; baseline 0.003 -10"><span class='ocrx_word' id='word_1_405' title='bbox 390 2451 434 2486; x_wconf 86' lang='lat'>(3)</span> <span class='ocrx_word' id='word_1_406' title='bbox 453 2450 542 2478; x_wconf 78' lang='lat' dir='ltr'>VERG.</span> <span class='ocrx_word' id='word_1_407' title='bbox 561 2451 626 2478; x_wconf 78' lang='lat' dir='ltr'>Aen.</span> <span class='ocrx_word' id='word_1_408' title='bbox 645 2450 693 2484; x_wconf 87' lang='lat' dir='ltr'>IX,</span> <span class='ocrx_word' id='word_1_409' title='bbox 715 2450 772 2486; x_wconf 86' lang='lat'>369.</span> 
     </span>
    </p>
   </div>
   <div class='ocr_carea' id='block_1_15' title="bbox 981 2346 1560 2440">
    <p class='ocr_par' dir='ltr' id='par_1_16' title="bbox 981 2346 1560 2440">
     <span class='ocr_line' id='line_1_67' title="bbox 1017 2346 1560 2399; baseline -0.002 -8"><span class='ocrx_word' id='word_1_410' title='bbox 1017 2364 1059 2399; x_wconf 82' lang='grc'>(4)</span> <span class='ocrx_word' id='word_1_411' title='bbox 1078 2362 1122 2391; x_wconf 84' lang='lat' dir='ltr'>Cf.</span> <span class='ocrx_word' id='word_1_412' title='bbox 1137 2363 1250 2398; x_wconf 57' lang='lat' dir='ltr'>Parus,</span> <span class='ocrx_word' id='word_1_413' title='bbox 1268 2363 1354 2390; x_wconf 62' lang='lat' dir='ltr'>Laic.</span> <span class='ocrx_word' id='word_1_414' title='bbox 1367 2371 1426 2390; x_wconf 85' lang='lat' dir='ltr'>s.v.</span> <span class='ocrx_word' id='word_1_415' title='bbox 1444 2346 1560 2398; x_wconf 51' lang='lat' dir='ltr'>legin</span> 
     </span>
     <span class='ocr_line' id='line_1_68' title="bbox 981 2405 1454 2440; baseline -0.004 -6"><span class='ocrx_word' id='word_1_416' title='bbox 981 2407 1076 2440; x_wconf 71' lang='grc' dir='ltr'><strong>ΒΛιΒι,</strong></span> <span class='ocrx_word' id='word_1_417' title='bbox 1097 2406 1219 2434; x_wconf 79' lang='lat' dir='ltr'>Catholic.</span> <span class='ocrx_word' id='word_1_418' title='bbox 1239 2414 1259 2433; x_wconf 94' lang='lat' dir='ltr'>s.</span> <span class='ocrx_word' id='word_1_419' title='bbox 1280 2405 1338 2432; x_wconf 86' lang='lat' dir='ltr'>ead.</span> <span class='ocrx_word' id='word_1_420' title='bbox 1359 2414 1384 2432; x_wconf 82' lang='lat' dir='ltr'>v.</span> <span class='ocrx_word' id='word_1_421' title='bbox 1404 2406 1454 2432; x_wconf 76' lang='lat' dir='ltr'>&amp;c-</span> 
     </span>
    </p>
   </div>
   <div class='ocr_carea' id='block_1_16' title="bbox 1582 1507 1626 1532">
    <p class='ocr_par' dir='ltr' id='par_1_17' title="bbox 1582 1507 1626 1532">
     <span class='ocr_line' id='line_1_69' title="bbox 1582 1507 1626 1532; baseline -0.023 0"><span class='ocrx_word' id='word_1_422' title='bbox 1582 1507 1626 1532; x_wconf 86' lang='lat'>20</span> 
     </span>
    </p>
   </div>
   <div class='ocr_carea' id='block_1_17' title="bbox 1585 1798 1626 1832">
    <p class='ocr_par' dir='ltr' id='par_1_18' title="bbox 1585 1798 1626 1832">
     <span class='ocr_line' id='line_1_70' title="bbox 1585 1798 1626 1832; baseline 0 0"><span class='ocrx_word' id='word_1_423' title='bbox 1585 1798 1626 1832; x_wconf 85' lang='lat'>25</span> 
     </span>
    </p>
   </div>
   <div class='ocr_carea' id='block_1_18' title="bbox 1589 2169 1630 2203">
    <p class='ocr_par' dir='ltr' id='par_1_19' title="bbox 1589 2169 1630 2203">
     <span class='ocr_line' id='line_1_71' title="bbox 1589 2169 1630 2203; baseline 0 -9"><span class='ocrx_word' id='word_1_424' title='bbox 1589 2169 1630 2203; x_wconf 81' lang='lat'>30</span> 
     </span>
    </p>
   </div>
  </div>
 </body>
</html>
