1682 2762
347 226 410 267 632
782 229 1127 258 EPISTOLARIO

99 362 315 418 seissessr‘iffxssiii
343 358 462 391 militer
485 357 633 390 desinant
656 365 711 390 aut
736 355 863 397 cadant,
885 355 974 400 quod
999 367 1017 388 a
1042 355 1203 390 Cicerone
1226 364 1340 389 nostro
1363 366 1431 388 non
1459 354 1549 388 aliter

98 416 316 472 23:⁰3?ssssssss
342 415 586 461 reprehenditur
615 426 714 460 quam
746 414 869 459 puerile
902 413 1057 459 quiddam
1069 414 1115 455 (²),
1143 413 1231 459 quod
1265 413 1400 447 minime
1437 412 1550 446 deceat

100 471 161 518 ⁸⁸}ss
179 498 250 519 ,adm
263 498 314 523 Dio,
343 474 437 508 rebus
452 475 541 508 seriis
557 474 609 508 vel
624 473 663 507 ab
679 473 868 507 hominibus
884 474 938 518 qui
954 485 1068 518 graves
1084 473 1148 507 sint
1163 472 1316 507 adhiberi.
1359 471 1549 506 benedictus

99 525 315 573 ζῖζξῖωξῖζζίἶζζῖ
344 534 446 574 Deus,
469 532 557 577 quod
580 544 767 566 sermonem
793 543 897 566 unum
915 532 1057 566 vidimus
1077 532 1140 566 hoc
1158 531 1318 566 fermento
1341 542 1410 565 non
1434 540 1546 565 conta·

99 579 216 599 “mnan
344 593 505 625 minatum
530 600 561 625 et
584 591 639 636 qui
668 591 732 636 legi
756 591 857 635 possit
879 590 948 624 sine
972 600 1132 625 concentu
1161 599 1193 624 et
1221 588 1404 624 effeminata
1432 600 1549 623 conso-

344 651 452 684 nantie
465 650 641 684 cantilena!
681 661 749 684 non
763 649 903 684 multum
917 659 1027 684 tamen
1040 649 1103 683 hoc
1118 648 1246 683 dicendi
1258 660 1377 694 genere
1392 647 1545 689 delector,

344 709 431 754 quod
456 708 495 742 ad
520 721 610 743 aures
634 708 849 742 multitudinis
874 707 1123 742 accomodatum
1147 717 1211 749 est;
1235 708 1331 752 cupio
1354 716 1465 741 tamen
1483 717 1549 740 ser-

345 779 479 801 monem
502 768 559 802 De
582 766 669 802 fine
693 766 847 809 seculi,
862 778 960 812 quem
975 766 1067 800 multi
1083 766 1237 811 singulari
1258 764 1545 800 commendatione

345 826 515 867 celebrant,
542 826 661 860 videre.
709 837 820 871 quare,
851 826 879 859 si
907 837 1005 870 grave
1024 836 1092 859 non
1113 834 1172 867 est,
1198 825 1338 870 ingentis
1364 823 1444 858 doni
1470 823 1545 858 loco

345 885 443 919 michi
467 885 561 919 luerit
583 885 675 919 illum
698 884 897 929 benignitate
921 883 1030 918 videre
1054 893 1160 918 vestra
1176 883 1223 917 (³).

414 944 568 979 Ceterum
588 943 749 978 reminisci
773 943 908 988 potestis
932 954 1030 988 quam
1050 941 1195 976 ardenter
1214 941 1474 976 dominationem
1493 952 1548 975 ve-

344 1012 441 1036 stram
466 1003 666 1047 gravaverim
695 1001 734 1036 de
759 1013 810 1035 ser
843 1002 966 1036 Manno
990 1001 1157 1035 Dominici
1190 999 1230 1034 ad
1254 1000 1364 1034 locum
1393 1010 1490 1034 suum
1512 999 1547 1034 in

345 1060 454 1094 officio
473 1070 578 1095 vestre
606 1061 692 1095 curie
716 1059 925 1101 restituendo,
949 1069 980 1094 et
1002 1059 1092 1105 quod
1115 1070 1171 1105 per
1194 1060 1396 1094 carissimum
1419 1058 1548 1093 sranem

345 1132 457 1155 meum
480 1132 531 1154 ser
561 1120 742 1154 Antonium
766 1130 816 1153 ser
840 1118 945 1153 Chelli
957 1119 1003 1160 (⁴),
1036 1128 1114 1153 tunc
1137 1127 1301 1153 oratorem
1331 1118 1434 1153 nostri
1457 1129 1550 1153 com-

346 1180 466 1220 munis,
491 1179 720 1224 gratiosissime
743 1178 952 1223 respondistis
968 1190 1027 1212 vos
1051 1189 1127 1212 eum
1144 1179 1245 1223 prime
1264 1177 1442 1212 vacationis
1460 1186 1548 1212 tem-

127 647 209 668 Benche
217 648 236 667 di
245 647 274 668 tal
282 654 316 675 ge-

100 680 150 694 nere
159 675 191 707 'di
210 674 315 706 componi·

100 706 157 752 {253}
159 708 165 721 ¹
177 701 316 755 iiiam:

100 755 124 775 be
134 735 243 776 volentia-i
254 755 268 775 il
278 762 316 775 suo

102 788 197 802 sermone
211 782 264 802 tull·
275 782 317 802 fine

102 809 133 829 del
148 809 234 833 mondo,
249 809 269 829 di
284 810 317 830 cui

102 836 128 856 ha
151 836 210 856 ndito
238 836 316 863 puzlnre

103 869 143 883 eon
159 869 209 890 gun
223 862 277 883 lode.

118 930 154 951 Gli
162 935 276 951 rnmmentn
282 931 316 957 poi

103 957 122 978 ln
137 964 243 984 promus:
255 957 318 978 fatu-

103 984 131 1012 gli
154 985 173 1004 di
195 984 317 1005 ricolloenre

101 1018 136 1031 ser
150 1011 228 1032 Hunno
240 1011 317 1032 Dome-

102 1039 158 1059 niehi
176 1043 207 1059 tra
229 1039 236 1058 i
259 1039 317 1059 noui

102 1065 155 1085 deli·
170 1066 228 1086 curin
245 1072 317 1086 vesco-

102 1092 150 1117 vile,
159 1093 241 1120 quando
256 1093 274 1112 ιί
288 1092 317 1113 fu-

103 1126 161 1140 cene
170 1119 236 1140 libero
245 1126 272 1140 un
280 1126 317 1147 po-

103 1152 145 1167 sm.

401 1301 420 1318 1.
430 1293 461 1317 P¹
476 1297 563 1317 omette
577 1294 642 1317 aliter
697 1301 718 1316 ι.
733 1294 764 1317 Ru·
776 1294 836 1323 dopo
849 1294 928 1317 decent
942 1295 1074 1323 aggiunge
1087 1294 1111 1316 in
1174 1300 1196 1324 3.
1211 1293 1242 1316 Ra·
1253 1294 1385 1324 agginnge
1397 1293 1428 1316 sit
1440 1293 1502 1324 dopo
1515 1293 1554 1316 1»

345 1335 449 1358 nedictus
502 1343 528 1363 4.
545 1334 574 1357 P¹
591 1337 677 1358 omeue
699 1341 770 1357 unum
835 1341 858 1364 5.
872 1333 904 1358 R¹
919 1335 1006 1364 possint
1060 1341 1126 1365 9·¹²·
1141 1333 1172 1357 R‘
1187 1337 1272 1357 otene
1286 1335 1486 1362 loeo-ventrem5
1500 1334 1552 1357 aua

345 1377 414 1405 quale
429 1377 514 1399 lacuna
530 1376 562 1398 Ri
573 1376 597 1398 η’
608 1376 688 1405 (serzi)
702 1375 729 1398 di
739 1375 853 1405 supplere,
868 1375 1015 1398 sustinendo
1026 1382 1042 1398 a
1055 1375 1196 1404 gravaverint
1210 1375 1308 1404 datoglae'
1320 1375 1363 1398 dal
1373 1375 1426 1399 eod.
1441 1374 1554 1405 gratificu-

345 1417 405 1440 beris
419 1424 432 1440 e
446 1417 559 1440 mutando
570 1419 601 1445 (r.
616 1418 659 1444 13)
669 1421 691 1439 et
700 1417 762 1446 quod
776 1416 918 1439 cari-simum
927 1416 1040 1446 {gine-clue*
1051 1415 1081 1439 R¹
1092 1419 1176 1440 mue
1184 1418 1235 1446 per)
1245 1417 1271 1439 in
1285 1417 1327 1439 erit
1340 1416 1395 1439 milti
1408 1415 1551 1440 cadesim

349 1464 383 1486 ¹5-
398 1458 464 1486 eum]
480 1456 511 1479 R¹
529 1463 583 1479 cum

346 1558 455 1596 quando
475 1558 564 1586 costui
583 1557 655 1585 circa
674 1565 713 1585 tre
729 1557 799 1585 mesi
814 1557 886 1593 dopo
905 1556 927 1584 si

345 1603 423 1638 porto
442 1601 470 1628 iu
486 1601 561 1628 curia
577 1609 630 1628 con
646 1600 768 1628 Antonio
783 1600 810 1627 di
825 1599 927 1635 Iacopo

346 1644 425 1680 quale
434 1644 612 1671 ambnscianor
618 1643 664 1671 del
670 1652 800 1676 comune3
809 1643 892 1670 Arch.
901 1642 927 1669 di

347 1687 424 1714 Stato
433 1687 461 1713 in
474 1686 595 1719 Firenze,
606 1687 682 1714 Dieci
690 1686 716 1713 di
727 1686 804 1719 balta,
815 1686 904 1721 chaz.
915 1694 927 1712 ι

345 1730 477 1762 commiss„
490 1730 575 1764 istruz.
587 1738 599 1756 ι
608 1729 658 1757 lau.
668 1738 695 1756 n.
706 1736 731 1762 2,
741 1737 765 1756 c.
773 1736 789 1755 2
797 1736 822 1762 n,
832 1736 864 1762 14
870 1727 928 1755 feb·

345 1772 420 1800 braio
430 1779 506 1808 1403.
543 1772 585 1799 Or
595 1772 695 1808 poiche
706 1771 724 1799 il
733 1778 827 1799 nostro
838 1770 927 1798 allude

346 1815 392 1852 qui
404 1815 457 1842 alle
468 1814 661 1842 assicurazioni
676 1814 819 1851 portategli
836 1814 870 1841 da
885 1822 928 1841 ser

346 1857 480 1891 Antonio,
492 1856 518 1883 la
533 1862 658 1893 presente
671 1857 731 1884 dev'
741 1864 833 1884 essere
843 1861 930 1892 poste-

346 1901 418 1927 riore
437 1899 463 1927 al
482 1900 586 1927 ritomo
602 1899 630 1926 di
648 1899 737 1927 costui
756 1900 790 1926 da
804 1899 894 1926 Roma
913 1907 928 1926 e

347 1943 441 1979 quindi
456 1949 573 1978 spettare
592 1942 636 1970 211²
646 1948 730 1970 estate
749 1942 793 1970 del
815 1949 892 1976 1403.

383 1986 426 2022 (ι)
439 1986 477 2013 Di
490 1991 586 2022 questa
599 1986 765 2022 ripugnanza
779 1985 823 2013 del
837 1985 867 2013 S.
880 1994 928 2021 per

347 2029 366 2056 il
386 2039 401 2055 «
415 2037 510 2056 cursus
523 2039 549 2063 u,
560 2037 662 2056 ancora
677 2029 706 2055 in
722 2037 809 2056 onore
825 2029 851 2055 ai
869 2028 929 2056 suoi

349 2072 438 2108 giorni
453 2073 546 2108 presso
565 2071 604 2108 gli
617 2071 719 2099 oratori
731 2071 808 2105 sacri,
820 2071 868 2099 noi
886 2072 930 2098 ab·

347 2115 441 2142 biamo
460 2120 567 2142 trovato
584 2115 684 2142 traccia
703 2115 747 2151 gia
767 2114 878 2150 nell’ep.
898 2122 928 2142 1x

349 2157 394 2185 del
409 2157 454 2184 lib.
469 2157 503 2191 11,
519 2157 615 2184 diretta
630 2157 656 2184 al
673 2157 797 2190 Ceccoli;
813 2157 834 2190 1,
849 2165 892 2193 77.

386 2201 427 2235 (2)
447 2200 491 2228 Cf.
513 2200 600 2236 [C1c.]
621 2200 663 2228 Aa
681 2201 793 2228 Hermu.
812 2200 860 2234 tv,
878 2209 928 2229 xx.

384 2243 426 2278 (3)
445 2243 488 2270 Ne
516 2244 542 2270 di
571 2249 667 2279 questo
698 2243 767 2271 sulla
797 2243 852 2270 fine
884 2243 929 2271 del

349 2287 451 2313 mondo
463 2288 498 2314 ne
518 2286 543 2313 d'
554 2286 614 2313 altri
633 2287 755 2314 sermoni
773 2287 807 2314 da
820 2287 857 2313 lui
870 2286 929 2314 det-

347 2330 397 2356 tati
416 2328 500 2357 fanno
520 2329 628 2357 rieordo
647 2330 655 2356 i
674 2329 755 2357 molti
773 2329 901 2362 scrittori,
919 2330 928 2356 i

350 2371 424 2407 quali
442 2371 536 2399 hanno
556 2371 621 2398 dato
639 2372 740 2399 notizia
761 2371 832 2399 delle
847 2380 929 2408 opere

349 2412 376 2439 di
395 2413 496 2449 Iacopo
511 2413 545 2440 da
561 2413 695 2447 Ternmo;
707 2419 748 2441 tra
762 2415 806 2441 eui
819 2414 927 2441 basterai

973 1566 989 1584 a
1007 1557 1055 1584 noi
1066 1557 1201 1584 ricordare
1213 1556 1233 1584 il
1245 1557 1422 1593 Mucium,
1435 1557 1554 1586 Didien-

974 1601 1046 1628 nain
1072 1601 1214 1636 maiorique,
1240 1600 1279 1628 La
1308 1600 1396 1636 Hnye,
1415 1607 1552 1634 imoeux,

973 1651 999 1679 p.
1012 1651 1060 1678 1¹7
1070 1651 1122 1679 sgg
1136 1652 1144 1676 ;
1157 1643 1176 1670 il
1189 1642 1375 1676 Timeoscm,
1387 1642 1475 1673 scorta
1486 1642 1554 1671 aeuo

973 1686 1023 1714 teu.
1042 1687 1070 1714 it.
1090 1692 1127 1714 to.
1145 1685 1192 1719 vl.
1217 1695 1274 1722 par.
1293 1687 1314 1720 1,
1332 1695 1358 1723 p.
1380 1694 1430 1723 397
1439 1680 1505 1723 §gg
1532 1686 1552 1714 il

974 1730 1086 1764 ΡΑικΑ,
1105 1738 1149 1766 op.
1168 1738 1184 1757 e
1198 1729 1253 1758 loc.
1267 1730 1312 1757 cit.
1327 1738 1354 1765 p.
1366 1728 1410 1763 64.
1447 1729 1502 1757 Del
1514 1737 1553 1757 re·

974 1779 1018 1800 sto
1030 1773 1050 1800 il
1062 1780 1144 1800 nome
1153 1771 1197 1799 del
1208 1771 1312 1808 prelato
1322 1772 1476 1806 abruzme,
1485 1772 1552 1809 oggi

975 1817 1032 1842 cosi
1051 1823 1160 1849 oscum,
1178 1814 1268 1848 brino,
1281 1823 1360 1842 come
1378 1815 1394 1842 ὲ
1413 1815 1465 1842 ben
1477 1820 1554 1850 noto,

974 1866 1023 1894 per
1035 1857 1055 1885 il
1067 1866 1147 1885 corso
1165 1857 1192 1884 di
1210 1857 1339 1894 parecchi
1356 1857 1443 1885 secoli
1460 1857 1487 1884 d'
1497 1865 1551 1884 m

975 1901 1037 1928 luce
1055 1901 1126 1928 assai
1144 1900 1206 1928 viva
1224 1901 1252 1928 in
1271 1901 1362 1936 grazia
1376 1901 1405 1928 di
1423 1900 1488 1937 quel
1498 1900 1554 1928 biz-

975 1953 1052 1972 zarro
1066 1944 1137 1972 libro
1155 1944 1191 1971 da
1208 1943 1247 1971 lui
1266 1950 1409 1980 compono
1423 1943 1469 1972 nd
1486 1944 1553 1980 1382

974 1986 1003 2012 in
1022 1986 1127 2013 Aversa
1145 1985 1191 2013 col
1209 1985 1289 2013 titolo
1302 1986 1329 2013 di
1343 1985 1487 2013 Consolatio
1497 1990 1556 2022 pec-

974 2033 1100 2062 catorum,
1110 2028 1157 2056 nel
1166 2027 1256 2065 quale,
1265 2027 1405 2064 seguendo
1417 2037 1454 2055 un
1467 2035 1555 2056 esem·

974 2071 1021 2107 pio
1039 2071 1084 2107 gia
1102 2071 1206 2107 datogli
1219 2071 1254 2098 da
1266 2071 1312 2107 piu
1324 2070 1350 2098 d'
1360 2079 1415 2098 uno
1427 2070 1553 2099 minore

975 2113 1135 2145 medievale.
1157 2115 1261 2141 mostro
1280 2113 1301 2140 il
1324 2113 1434 2141 dia-volo
1455 2122 1556 2150 quere-

974 2155 1036 2183 larsi
1055 2156 1083 2182 di
1098 2156 1191 2183 Cristo
1210 2155 1317 2183 dinanzi
1334 2155 1362 2183 al
1373 2155 1507 2183 tribunale
1522 2156 1551 2183 di

975 2199 1140 2232 Salomone;
1159 2198 1192 2226 cf.
1217 2199 1247 2226 Ρ.
1264 2199 1423 2232 Romnum,
1442 2197 1554 2227 Coruum

973 2243 1005 2269 sti
1022 2242 1127 2276 antichi,
1158 2241 1241 2269 Crista
1268 2251 1281 2268 ι
1306 2241 1411 2274 Salano,
1430 2240 1552 2275 Fimnoe,

974 2291 1200 2318 unccczxxxvn,
1209 2293 1234 2320 p.
1243 2283 1278 2312 26
1287 2291 1337 2319 sg.,
1347 2283 1398 2311 che
1406 2285 1473 2320 pero
1480 2290 1553 2320 poco

975 2336 990 2355 e
1009 2335 1080 2363 poco
1099 2327 1297 2355 eruditamente
1311 2335 1346 2354 ne
1364 2326 1494 2355 discurre.

1009 2370 1053 2404 (4)
1070 2370 1185 2398 Intorno
1208 2378 1225 2397 a
1249 2369 1338 2397 cestui
1358 2369 1419 2398 ved.
1435 2369 1463 2397 le
1487 2375 1554 2397 ηοω

974 2412 1019 2440 all’
1029 2421 1071 2449 ep.
1090 2421 1143 2440 xvx
1161 2412 1206 2440 del
1222 2412 1270 2440 lib.
1287 2412 1329 2446 V;
1348 2411 1382 2446 11,
1401 2412 1487 2448 ⁸⁰¹⁸·
