1682 2762
73 889 111 914 10

74 1221 110 1254 ¹5

71 1516 115 1541 2o

74 1807 113 1841 25

361 264 364 265 ⁷
405 220 452 247 DI
484 221 750 250 COLUCCIO
783 221 1055 249 SALUTATI.
1273 216 1335 258 589

139 345 190 379 vel
213 345 330 385 secula,
354 357 417 390 que
433 345 564 390 quidem
589 346 713 380 iubileis
737 346 787 380 alii
812 356 942 380 centum
966 346 1056 380 annis
1080 346 1253 387 diffiniunt,
1267 358 1336 390 pre-

138 403 295 438 cessisse?
350 405 461 437 omnia
484 403 615 448 quidem
641 404 711 446 hec,
737 414 771 438 ut
794 405 894 446 aiunt,
918 404 1043 438 infinita
1066 415 1150 446 sunt,
1177 405 1268 450 quasi
1290 415 1336 445 se,

138 473 214 496 cum
237 473 278 495 ex
299 461 355 495 illo
379 461 545 496 infinitatis
571 474 686 496 acervo
705 462 934 504 devolvuntur,
957 463 1134 508 aliqualiter
1156 474 1223 497 non
1243 475 1336 497 exce-

139 519 226 554 dant.
272 519 360 565 quod
372 520 515 566 quidem,
529 521 601 555 licet
617 520 698 555 forte
714 521 794 555 ratio
819 531 914 566 cogat
929 530 959 555 et
974 521 1087 566 probet
1105 522 1161 563 eis,
1181 533 1248 556 non
1269 533 1335 555 cre·

138 577 214 612 dam
238 589 331 612 sanas
355 588 480 612 mentes
499 574 643 624 'recipere
666 591 726 613 nec
749 579 947 613 intellectum
980 579 1119 624 aliquem
1143 579 1334 613 consentire.

137 636 209 681 quis
231 647 299 671 uon
311 636 445 678 irrideat,
462 647 536 671 cum
553 649 622 671 esse
635 638 814 682 specierum
830 637 954 672 fundari
971 637 1086 672 volunt
1104 638 1137 672 in
1153 637 1336 679 individuis,

137 693 226 738 quod
250 695 391 739 speciem
412 695 554 729 hominis
573 705 716 729 eternam
736 696 835 730 velint
856 705 888 730 et
912 696 1036 730 nullum
1061 696 1230 730 hominem
1251 697 1335 740 prin-

139 751 258 797 cipium
279 752 448 787 habuisse?
495 753 632 787 habeant
651 754 711 788 sibi
730 766 836 788 rerum
856 754 915 788 ista
934 754 1094 798 prestigia,
1110 754 1268 788 subiciant
1287 754 1336 788 his

138 810 298 845 miraculis
318 811 528 853 intellectum,
543 813 612 846 imo
633 813 803 856 captivent.
850 823 910 847 nos

317 896 392 929 Quid
412 899 446 925 sit
465 898 596 933 pulcrum,
616 898 679 934 quid
698 903 784 934 turpe,
803 898 867 934 quid
886 897 960 931 utile,
978 898 1040 934 quid
1060 906 1125 931 nou,

139 995 175 1020 ut
197 986 329 1020 Flaccus
348 987 391 1021 ait
401 987 446 1028 (¹),
470 986 610 1022 iocunde
633 987 855 1033 disputationis
878 988 1028 1021 examine
1052 986 1257 1021 ventilemus
1305 987 1336 1020 in

139 1055 202 1089 qua
225 1044 356 1090 quidem
379 1057 413 1080 re
435 1045 542 1080 nullos
566 1055 694 1091 oportet
717 1057 777 1079 nos
808 1046 977 1080 consulere
1001 1045 1060 1079 nisi
1085 1055 1194 1079 nostre
1218 1045 1337 1078 mentis

140 1102 399 1148 conscientieque
423 1103 577 1138 iudicium
601 1113 633 1138 et
655 1103 742 1137 illam
766 1103 834 1136 vim
858 1103 976 1143 anime,
999 1114 1098 1148 quam
1122 1103 1229 1144 Greci,
1258 1112 1338 1137 teste

141 1161 358 1205 Hieronymo,
382 1171 503 1196 vocant
526 1162 707 1207 composito
730 1161 872 1206 quodam
889 1161 1048 1196 vocabulo
1071 1161 1337 1205 synidissim,

140 1219 230 1264 quod
253 1221 353 1254 nostri
372 1220 441 1254 sine
464 1220 587 1254 ratione
604 1220 654 1254 vel
674 1229 753 1254 teste
769 1221 823 1266 qui
843 1219 1008 1254 modernis
1032 1219 1230 1264 temporibus
1250 1219 1339 1253 theo-

141 1277 246 1322 logica
267 1277 456 1323 profitentur
479 1290 496 1312 a
519 1278 629 1323 paucis
647 1278 763 1312 seculis
786 1279 863 1312 citra
886 1287 1011 1312 mutato
1034 1278 1168 1312 nomine
1192 1277 1339 1321 synde-

141 1336 264 1370 resim
301 1345 508 1370 vocaverunt.
578 1337 638 1370 hec
671 1347 719 1371 est
754 1336 841 1370 enim
873 1336 1011 1371 scintilla
1045 1337 1251 1377 conscientie,
1276 1346 1339 1380 que

141 1393 387 1429 deliberantibus
410 1395 501 1430 adest
523 1405 555 1429 et
579 1404 652 1440 post
674 1394 807 1436 factum,
830 1395 898 1428 sive
915 1394 1039 1429 bonum
1055 1395 1124 1428 sive
1148 1394 1269 1428 malum
1288 1394 1338 1434 sit,

141 1452 239 1486 etiam
262 1463 281 1485 a
303 1456 458 1498 corruptis
481 1451 645 1486 mentibus
668 1463 733 1486 non
752 1451 885 1486 discedit
894 1452 940 1485 (²).
987 1452 1018 1485 in
1039 1451 1099 1485 hac
1113 1450 1246 1496 quidem
1265 1462 1339 1485 vera

141 1510 320 1556 moralique
335 1511 459 1556 sophia,
471 1522 567 1556 quam
586 1511 691 1545 Latini
706 1511 895 1556 sapientiam
911 1519 1039 1551 vocant,
1055 1519 1179 1544 rectum
1194 1519 1226 1544 et
1238 1510 1339 1543 hone-

140 1578 228 1604 stum
239 1579 289 1603 est
302 1569 571 1614 utilissimumque
587 1569 721 1611 versari;
735 1569 769 1602 in
786 1568 846 1602 hac
860 1580 926 1602 non
943 1579 1070 1613 semper
1084 1569 1216 1602 scientia
1230 1579 1250 1613 q
1260 1568 1339 1608 uia,

141 1627 223 1662 sicut
242 1628 274 1661 in
298 1627 450 1672 physicis,
464 1627 520 1662 sed
545 1628 664 1661 utimur
679 1628 790 1668 etiam,
809 1626 897 1671 quod
914 1626 1024 1660 crebro
1044 1625 1190 1667 facimus,
1209 1626 1340 1660 scientia

142 1694 312 1730 propter
333 1685 449 1730 quid.

209 1743 308 1786 Nam,
326 1752 363 1778 ut
380 1742 420 1777 ad
439 1743 607 1788 epistolam
626 1743 755 1777 veniam
774 1752 875 1783 tuam,
895 1742 973 1776 dum
997 1742 1036 1776 ad
1054 1741 1188 1788 physica
1206 1751 1238 1776 te
1263 1753 1340 1775 con·

143 1800 251 1842 verti&
265 1801 347 1835 velle
366 1799 482 1835 videris
501 1799 620 1835 animal
638 1800 715 1835 illud
734 1799 926 1845 quadrupes,
943 1799 1031 1845 quod
1051 1799 1213 1845 Ugolinus
1232 1810 1342 1834 noster

143 1859 183 1893 ad
202 1870 412 1894 communem
435 1858 608 1894 dominum
630 1858 720 1893 dono
743 1859 841 1900 misit,
864 1859 972 1893 vocari
991 1870 1057 1892 non
1078 1858 1250 1899 histricem,
1273 1859 1340 1899 sed,

145 1916 271 1952 Isidoro
293 1926 386 1959 teste,
407 1918 551 1964 strigem.
597 1917 686 1962 quod
709 1916 841 1962 quidem
864 1917 965 1951 miror
986 1927 1018 1951 et
1040 1917 1109 1951 scio
1133 1916 1216 1962 apud
1232 1926 1341 1951 aucto·

144 1986 215 2009 rem
230 1974 390 2010 Isidorum
409 1975 491 2009 clare
510 1975 583 2020 legi.
629 1974 738 2009 scribit
753 1975 858 2009 enim:
879 1975 991 2010 histrix
1015 1975 1140 2008 immite
1164 1974 1285 2008 animal
1306 1976 1340 2008 in

144 2031 251 2067 Africa
269 2033 399 2067 erinacii
422 2033 538 2075 simile,
566 2042 719 2067 vocatum
744 2044 762 2066 a
784 2031 919 2066 stridore
942 2033 1117 2077 spinarum,
1138 2043 1217 2076 quas
1249 2041 1341 2082 tergo

198 2142 221 2167 3.
236 2135 255 2159 A
268 2136 337 2159 exilio
401 2143 423 2166 5.
437 2136 457 2159 A
470 2136 561 2166 aliquod
615 2142 639 2166 7.
651 2135 709 2159 ΛΡ
724 2137 786 2165 dopo
799 2136 885 2159 bomin.
899 2135 979 2159 ddum
992 2142 1037 2158 non

145 2176 214 2213 aas
228 2176 304 2207 qffl!
358 2183 397 2206 ²5·
410 2177 430 2200 A
443 2177 597 2206 qundmplen
609 2183 623 2199 e
634 2177 695 2206 dopo
709 2180 787 2199 neuter
801 2176 832 2199 da
847 2184 862 2200 ιι
875 2177 1011 2200 cancellato.

1094 2137 1165 2165 ¹⁶¹7·
1178 2137 1198 2158 A
1210 2135 1341 2165 undet-nain

1067 2177 1104 2200 28.
1119 2174 1177 2199 AF
1193 2175 1253 2199 utrix

180 2263 223 2300 (ι)
250 2263 364 2293 Bou-r.
382 2265 429 2302 Ep.
451 2265 485 2297 n.
503 2273 544 2300 111,
561 2273 587 2299 4.
767 2264 824 2300 glio
844 2272 923 2300 preto
950 2263 983 2291 da
1008 2263 1142 2291 coluccio
1165 2271 1181 2290 a
1199 2263 1341 2300 proposito

181 2306 225 2342 (2)
251 2306 296 2335 ef.
327 2315 348 2335 s.
377 2307 543 2346 Ηιιιιοκηι.
567 2307 666 2336 Comm.
694 2308 721 2334 in
765 2307 793 2334 di
822 2307 1003 2334 «sinderesi»
1034 2306 1097 2334 vedi
1122 2306 1149 2333 la
1173 2311 1239 2333 nota
1260 2314 1278 2340 4
1303 2306 1343 2334 11-

148 2347 235 2384 ἕχει-1).
253 2349 296 2377 lib.
315 2349 404 2384 X1111,
420 2349 466 2378 lib.
484 2350 505 2384 1,
523 2358 579 2386 cap.
599 2358 618 2384 1,
643 2358 675 2378 ιο
694 2351 721 2377 ἱιι
767 2349 835 2385 l'ep.
850 2356 910 2376 xvn
919 2348 963 2376 del
974 2349 1018 2376 lib.
1028 2348 1090 2381 xn,
1103 2357 1129 2384 p.
1141 2357 1191 2384 530
1201 2348 1228 2375 di
1247 2354 1342 2385 questo

150 2391 247 2427 Opem,
265 2390 301 2424 V,
321 2399 354 2420 22
379 2399 395 2419 e
413 2400 461 2428 per
479 2391 508 2420 lo
526 2398 619 2420 strnue
641 2392 720 2419 nbba-
766 2391 888 2418 volume.

1364 697 1576 745 2⁹⁹2ffz2q²÷2¹20⁶3¹¹s

1377 758 1411 772 ere
1429 751 1466 772 che
1488 751 1575 772 l'uomo
1627 757 1629 759 ·

1364 785 1407 798 non
1414 778 1473 798 abbi·
1481 779 1520 799 mni
1528 785 1576 799 nvn-

1363 810 1386 825 ιο
1415 805 1516 833 rindpio?

1413 838 1480 859 engen
1501 839 1535 860 pet
1554 834 1576 853 ιὲ

1363 859 1445 886 dunque
1450 859 1469 880 le
1475 859 1521 880 loro
1525 865 1575 881 nr·-

1363 887 1446 934 ving-ninti
1469 887 1576 908 elucubn-

1362 919 1372 933 z
1381 919 1395 933 ο
1420 928 1426 934 .

1391 991 1409 1011 Α
1423 990 1500 1015 Guido,
1511 997 1523 1011 ι
1535 990 1576 1011 Co-

1365 1017 1431 1038 luecio
1450 1018 1542 1045 rimmgn
1556 1017 1576 1038 l·

1366 1044 1577 1092 fflsssskiffi‘lffi

1366 1098 1478 1125 problemlg
1493 1098 1512 1119 nl
1528 1097 1576 1126 qud

1366 1125 1435 1146 undio
1468 1125 1526 1146 buu
1557 1124 1578 1145 ln

1366 1152 1427 1179 guida
1435 1151 1488 1172 deu·
1496 1152 1577 1179 propri·

1366 1179 1479 1203 condense.

1365 1458 1378 1472 ο
1387 1458 1409 1473 κ
1418 1458 1444 1473 n·
1457 1457 1499 1472 trae
1514 1458 1528 1472 ο

1367 1485 1389 1499 η
1396 1479 1491 1507 proflatu
1500 1479 1534 1499 eio
1543 1478 1580 1499 che

1367 1507 1438 1527 invece
1474 1512 1517 1526 non
1554 1505 1580 1526 h·

1367 1532 1579 1580 „malm-¹²:21

1367 1587 1414 1607 diu·
1428 1586 1494 1608 ideo.

1395 1747 1476 1773 Dis-ni,
1492 1755 1528 1776 per
1547 1755 1580 1769 ve—

1368 1777 1412 1796 nire
1425 1776 1465 1796 111·
1479 1776 1551 1796 lener-
1559 1776 1579 1796 di

1368 1802 1445 1828 Guido,
1488 1803 1528 1823 eni
1549 1809 1580 1823 a»

1368 1831 1443 1850 serione
1477 1836 1489 1850 e
1499 1829 1580 1850 bidom

1367 1857 1447 1878 chim-
1471 1865 1481 1875 ι
1491 1858 1554 1884 ιιι-ιιι
1566 1864 1576 1875 ι

1382 1883 1531 1908 adraim-le,
1541 1884 1579 1904 :he

1391 1910 1438 1931 sunl
1443 1911 1485 1931 din
1493 1911 1579 1931 abnnd-

1368 1942 1436 1958 nente
1447 1945 1457 1956 ι
1464 1938 1535 1959 larice
1543 1945 1564 1959 ι.
