1682 2762
108 419 166 433 come
187 415 229 440 puo
247 414 320 441 giusti-

108 441 174 462 ficani
189 443 257 463 cor-le
271 449 320 463 con-

108 469 179 493 dont-3

107 645 165 658 come
182 638 278 659 concili-r
299 639 318 659 le

105 666 274 689 conti-additioni.
297 666 318 686 in

106 692 138 712 cui
152 698 190 712 son
206 692 281 717 caduti,

104 938 164 952 come
178 932 315 952 scusarlid'n-

105 965 139 979 ver
153 958 250 986 preserito
269 965 315 986 pro-

104 992 178 1006 vocare
188 992 229 1006 uno
242 992 315 1006 scisma

105 1012 142 1032 che
166 1019 189 1032 so
204 1017 286 1039 portare
309 1013 315 1032 i

104 1039 153 1059 torti
173 1039 193 1059 di
214 1039 247 1059 chi
269 1045 315 1059 ave-

104 1072 158 1086 vano
181 1067 214 1093 gia
234 1066 315 1086 ricono-

103 1093 172 1140 εεείιιὲο
187 1093 234 1120 qual
244 1097 315 1120 ponte·-

119 1126 142 1140 ce

349 284 413 308 200
769 281 1114 322 EPISTOLARIO

347 414 460 436 eorum
483 402 523 435 sit
542 401 582 435 de
605 401 794 445 pontificalis
818 400 982 434 electionis
1007 401 1086 434 vitio
1103 400 1267 435 iudicare?
1313 413 1354 435 an
1377 402 1541 436 electionis

347 460 440 494 huius
464 469 619 499 auctores,
643 468 739 492 testes
763 468 794 492 et
816 458 939 492 iudices
963 469 1031 492 esse
1055 459 1214 503 possunt?
1260 469 1291 493 et
1315 460 1403 494 cuius
1432 470 1479 493 est
1502 460 1542 493 de

345 519 478 562 propriis
501 517 678 551 actionibus
701 517 863 552 iudicare?
907 518 978 562 quis
1001 518 1034 551 in
1051 527 1165 551 testem
1185 529 1296 552 eorum
1317 530 1379 563 que
1398 519 1541 563 gesserit,

345 578 370 609 si
395 576 434 609 de
458 576 589 610 alicuius
621 587 719 620 quem
748 576 918 619 impugnet
947 585 1059 620 agatur
1086 575 1271 620 preiudicio‚
1295 576 1390 610 debet
1417 577 1542 611 audiri?

344 633 432 678 quod
454 634 481 666 si
505 632 617 674 fuerat,
642 642 676 666 ut
703 642 858 673 asserunt,
881 634 914 666 in
939 633 1095 667 electione
1121 634 1248 675 vitium,
1273 645 1328 667 cur
1355 635 1542 669 universum

345 692 455 725 orbem
481 691 612 735 publicis
637 700 668 725 et
690 692 819 735 privatis
843 691 952 725 litteris
971 691 1195 736 impleverunt,
1214 691 1327 726 mundi
1346 692 1542 737 principibus

344 759 437 794 atque
461 749 586 794 populis
610 750 799 783 nunciantes
824 750 1011 783 canonicam
1037 749 1159 783 Urbani
1182 749 1441 784 electionem?<¹>
1486 762 1542 784 cur

343 807 402 840 sibi
425 819 492 840 non
512 807 624 848 semel,
643 807 700 840 sed
723 807 911 840 multotiens
935 807 1141 851 collegialiter
1155 807 1348 841 astiterunt?
1395 819 1450 841 cur
1473 808 1541 849 eius

343 864 547 898 ordinatione
571 876 701 898 suarum
724 874 932 898 mutaverunt
955 864 1064 898 titulos
1096 864 1300 909 dignitatum,
1324 875 1406 910 quos
1432 865 1541 906 etiam,

343 935 418 956 cum
431 923 636 956 Clementem
649 922 814 966 eligerent,
822 931 995 956 tenuerunt
1005 922 1060 955 ?(²)
1097 934 1153 956 cur
1161 934 1228 956 non
1237 923 1344 967 potius
1352 924 1385 956 in
1395 923 1541 958 animum

343 980 536 1014 induxerunt
558 992 652 1015 suum
678 991 759 1024 puro
784 991 944 1014 consensu
966 981 1032 1016 iam
1055 980 1194 1014 electum
1226 980 1406 1022 iustificare,
1430 981 1456 1014 si
1479 993 1542 1026 qua

342 1039 449 1073 forsan
472 1038 693 1083 purificatione
712 1038 867 1072 videbant
890 1049 971 1083 opus
991 1050 1060 1072 esse
1079 1047 1111 1072 et
1130 1039 1224 1072 unius
1248 1038 1388 1072 hominis
1407 1039 1541 1074 tolerare

341 1108 449 1130 mores
473 1106 504 1130 et
528 1097 640 1137 vitam,
664 1108 762 1141 quam
787 1097 1000 1130 certissimum
1024 1096 1140 1129 scisma
1167 1097 1304 1130 scienter
1331 1096 1482 1131 inducere
1507 1097 1540 1131 in

398 1219 417 1235 r.
433 1212 501 1242 vitio]
516 1211 545 1235 L¹
560 1212 646 1235 iudicio
702 1218 724 1240 5.
739 1212 794 1234 M-D
806 1211 876 1234 fuerit

342 1254 371 1276 el.
379 1254 434 1276 Urb.
490 1254 512 1277 8.
521 1253 540 1276 C
546 1254 578 1276 Ru·
583 1253 698 1275 multoties

344 1293 438 1316 forsitan
497 1299 568 1323 12-13.
583 1292 614 1315 L¹
629 1299 685 1314 mor.
703 1293 741 1315 tol.

347 1391 434 1417 Urban
450 1390 491 1423 VI,
505 1390 579 1422 1888,
589 1389 615 1416 la
631 1389 763 1425 poderosa
769 1396 850 1424 opera
861 1387 917 1414 del-

342 1433 428 1460 l'abb.
457 1432 486 1459 L.
516 1432 625 1464 GAYET,
654 1432 688 1458 Le
711 1430 793 1466 grand
819 1430 919 1457 schisma

343 1473 497 1507 d'Occident,
513 1474 558 1500 Les
574 1474 690 1508 origines,
706 1473 740 1505 ΙΙ,
753 1472 836 1505 Paris,
852 1472 919 1507 1889

343 1515 388 1548 (cf.
410 1517 475 1551 pero
500 1516 564 1542 Bibl.
584 1515 612 1542 de
639 1509 731 1542 l'Ecole
750 1514 790 1541 des
813 1514 918 1547 chartas,

346 1558 420 1593 1890,
435 1557 479 1590 LI,
499 1557 569 1591 138),
582 1557 616 1584 ed
635 1557 654 1583 il
674 1557 718 1592 piu
734 1562 842 1583 recente
858 1564 917 1591 sag-

342 1599 387 1635 gio
406 1599 432 1626 di
452 1600 482 1626 R.
499 1599 580 1634 Jmn,
601 1599 651 1625 Die
677 1598 751 1625 Wahl
768 1599 868 1625 Urbans
885 1598 921 1625 VI

341 1642 368 1668 in
396 1642 522 1668 Hallische
552 1642 669 1675 Beitraga
702 1650 733 1676 zu
767 1641 918 1668 Geschichts-

336 1685 484 1719 forschung,
501 1683 564 1710 Heft
582 1683 616 1716 II,
636 1683 724 1716 Halle,
747 1683 822 1719 1892.

376 1727 418 1761 (1)
438 1726 616 1762 Rispondono
635 1735 650 1752 a
666 1725 768 1761 capello
788 1734 803 1752 a
828 1725 919 1761 quelle

342 1769 386 1796 del
406 1769 433 1796 S.
463 1769 488 1796 le
517 1769 698 1796 osservazioni
727 1767 793 1795 fatte
822 1768 855 1795 da
879 1777 916 1795 un

343 1812 472 1839 anonimo
488 1811 513 1838 al
531 1811 667 1838 cardinale
685 1811 849 1846 Morinense‚
862 1819 918 1838 uno

341 1855 382 1881 de'
396 1854 545 1887 dissidenti,
572 1854 646 1881 nella
673 1853 799 1881 notevole
824 1853 919 1880 lettera

341 1897 410 1924 edita
425 1897 453 1923 in
467 1896 625 1924 Mam-aun-
631 1897 767 1929 Dummn,
777 1905 822 1931 op.
832 1905 847 1923 e
863 1895 918 1924 vol.

340 1939 383 1966 cit.
401 1939 452 1966 col.
475 1939 554 1966 1082:
576 1949 590 1965 «
603 1939 650 1966 sed
670 1939 788 1971 audistis,
805 1939 919 1972 vidistis,

341 1992 355 2007 α
371 1982 509 2018 legistisne
519 1982 694 2009 dominorum
705 1982 919 2009 ultramontano-

341 2034 355 2049 «
370 2033 430 2050 rum
458 2024 568 2057 litteras,
594 2024 690 2060 quibus
720 2032 767 2050 ore
794 2024 919 2056 rotundo,

341 2077 354 2091 «
368 2066 461 2102 lingua
498 2066 623 2102 angelica
652 2066 795 2093 veritatem
827 2066 918 2093 testati

341 2118 354 2133 «
368 2108 450 2135 sunt?
488 2108 652 2143 scripserunt
671 2117 788 2144 namque
801 2108 879 2134 vobis
892 2114 918 2136 et

341 2159 355 2175 «
369 2150 427 2176 aliis
445 2150 565 2176 dominis
585 2150 629 2185 qui
650 2151 677 2176 in
703 2150 848 2176 Avenione
871 2150 917 2177 de-

339 2202 354 2217 «
368 2192 438 2227 gitis,
459 2192 560 2218 utinam
575 2200 632 2218 non
651 2192 708 2219 sine
728 2191 847 2227 periculo
862 2192 915 2218 aui-

340 2245 354 2260 «
368 2243 475 2261 marum
491 2234 557 2261 sicut
572 2243 635 2261 cum
655 2234 786 2261 dedecore
802 2234 917 2267 samael,

340 2287 353 2302 «
369 2277 481 2313 aliisque
490 2277 684 2313 temporalium
695 2277 859 2313 principibus
871 2285 917 2304 eos

340 2330 354 2344 «
369 2319 484 2355 elegisse
508 2320 648 2352 canonice,
675 2320 828 2354 liberaliter,
854 2328 917 2346 con-

341 2372 355 2388 «
369 2363 536 2398 corditerque
543 2371 627 2390 unum
636 2370 760 2390 sanctum
771 2370 797 2390 et
807 2363 916 2395 iustum,

340 2415 353 2429 «
370 2406 444 2432 cuius
464 2405 619 2440 sperabatur
636 2406 760 2440 operibus
779 2406 848 2433 bene
861 2405 913 2432 Dei

340 2457 354 2471 «
368 2447 518 2473 Ecclesiam
538 2448 679 2482 gubernari
694 2458 718 2474 n.

754 1259 790 1275 ιο.
800 1252 854 1274 Ill-D
860 1252 978 1280 elegerunt

931 1217 952 1240 7.
968 1211 1022 1233 M·D
1035 1213 1121 1234 omeue
1135 1215 1204 1240 atque
1219 1218 1272 1240 pop.
1315 1212 1346 1233 1³4
1357 1212 1387 1234 Ri
1396 1212 1415 1235 C
1423 1212 1477 1234 ,ld-D
1490 1218 1542 1235 can.

1035 1258 1068 1274 ιι.
1077 1251 1109 1273 R*
1119 1251 1151 1273 Ru·
1159 1252 1178 1274 C
1185 1252 1239 1274 lla-D
1246 1251 1297 1274 iun.
1309 1252 1353 1274 iam
1361 1252 1389 1275 el.
1446 1258 1478 1276 12.
1487 1252 1543 1275 MD

1002 1387 1078 1415 Sulle
1097 1388 1191 1416 lettere
1218 1389 1361 1424 pubbliche
1384 1389 1429 1416 dei
1454 1390 1540 1417 cardi-

965 1429 1019 1456 nali
1033 1439 1060 1457 v.
1079 1430 1126 1466 poi
1145 1430 1264 1464 VALors,
1283 1440 1329 1467 op.
1348 1432 1392 1459 cit.
1410 1440 1436 1467 p.
1455 1439 1507 1465 412
1525 1440 1540 1459 e

961 1471 1043 1507 Jann,
1059 1481 1102 1507 op.
1123 1472 1167 1499 cit.
1186 1481 1213 1508 p.
1228 1473 1254 1506 8,
1273 1473 1281 1499 i
1294 1473 1366 1509 quali
1380 1474 1540 1501 menzionan

965 1515 1052 1542 anche
1070 1515 1116 1542 un’
1125 1515 1242 1550 epistola
1263 1516 1366 1552 privata
1385 1516 1484 1544 diretta
1501 1516 1543 1544 al-

964 1557 982 1584 l'
990 1558 1154 1593 imperatore
1174 1558 1258 1585 Carlo
1276 1558 1315 1585 IV
1330 1567 1378 1595 per
1396 1558 1480 1595 dargli
1493 1567 1542 1587 no·

964 1599 1025 1626 tizia
1044 1599 1236 1627 dell'elezione
1261 1600 1408 1628 d'Urbano
1436 1601 1481 1628 dal
1498 1600 1540 1628 fu-

963 1647 1024 1668 turo
1045 1641 1188 1669 Clemente
1206 1641 1267 1669 VII.
1307 1642 1329 1670 E
1358 1643 1384 1670 di
1409 1643 1542 1670 un'iden-

964 1684 1017 1711 tica
1048 1684 1269 1711 comunicazione
1306 1684 1367 1712 loro
1397 1684 1463 1712 satta
1495 1685 1541 1712 dal

965 1726 1100 1754 cardinale
1117 1727 1225 1754 Corsini
1241 1727 1355 1763 parlano
1368 1727 1378 1754 i
1391 1727 1541 1755 Fiorentini

964 1769 1037 1796 nella
1073 1769 1184 1804 epistola
1222 1769 1355 1805 scrittagli
1387 1769 1408 1796 il
1485 1768 1542 1796 feb-

964 1812 1039 1838 braio
1059 1812 1140 1847 1380:
1159 1811 1192 1839 R.
1211 1812 1294 1840 Arch.
1312 1812 1340 1839 di
1359 1812 1438 1840 stato
1457 1812 1542 1840 infi-

964 1862 1051 1886 renze,
1070 1854 1140 1881 Miss.
1167 1862 1222 1890 reg.
1246 1854 1286 1886 18,
1314 1863 1338 1882 c.
1370 1862 1465 1887 ηομ
1493 1854 1541 1883 Ri-

965 1903 1059 1929 cacct,
1079 1904 1123 1932 op.
1142 1897 1187 1923 cit.
1205 1897 1225 1930 1,
1243 1904 1286 1930 40.

1001 1939 1042 1972 (2)
1062 1938 1105 1966 Cf.
1118 1938 1241 1966 oltreche
1257 1939 1308 1966 l'or
1327 1940 1407 1967 citata
1425 1939 1540 1975 epistola

965 1982 990 2009 al
1016 1982 1125 2010 Corsini
1143 1982 1289 2017 (R1caccr‚
1316 1991 1362 2018 op.
1381 1983 1424 2010 cit.
1443 1982 1464 2015 1,
1482 1983 1540 2016 4ο),

966 2025 983 2051 l'
994 2024 1061 2051 altra
1110 2025 1251 2058 anteriore,
1288 2023 1539 2052 Cardinalibus

964 2067 1155 2103 Anagniae
1173 2068 1423 2100 existentibus,
1445 2067 1538 2095 scritta

964 2118 1029 2145 pure
1048 2109 1093 2136 dal
1110 2115 1201 2136 nostro
1220 2110 1248 2136 in
1267 2118 1351 2136 nome
1378 2110 1404 2136 di
1429 2109 1540 2137 Firenze

963 2152 1130 2187 neu‘agosto
1148 2151 1191 2179 del
1213 2152 1279 2187 1378
1297 2152 1330 2178 ed
1349 2153 1480 2187 improesa
1495 2151 1540 2180 dal

963 2195 1094 2227 Rreaccn
1114 2202 1158 2229 op.
1177 2194 1219 2222 cit.
1240 2194 1261 2227 1,
1283 2202 1322 2228 37.
1359 2194 1372 2220 1
1390 2194 1466 2221 brani
1485 2194 1538 2221 che

964 2237 989 2263 di
1005 2242 1099 2273 questa
1115 2236 1262 2264 riferiremo
1277 2238 1321 2263 via
1334 2237 1378 2264 via
1390 2237 1462 2264 nelle
1474 2244 1539 2264 note

963 2287 1033 2306 sono
1063 2279 1125 2306 stati
1153 2279 1186 2306 da
1209 2279 1255 2305 noi
1274 2279 1389 2306 riveduti
1407 2279 1449 2306 sul
1476 2279 1539 2307 cod.

963 2321 1036 2349 Ricc.
1059 2329 1125 2348 1222
1144 2330 1159 2348 e
1177 2321 1219 2348 sul
1234 2321 1428 2348 Marucelliano
1449 2321 1481 2353 C,
1495 2321 1539 2356 89,

963 2372 990 2390 n.
1005 2371 1044 2397 35,
1060 2362 1159 2398 perche
1171 2362 1213 2389 ne'
1221 2362 1325 2397 registri
1345 2361 1416 2389 delle
1435 2362 1539 2389 Missivae

965 2405 1139 2432 conservatici
1163 2413 1218 2431 non
1243 2413 1273 2432 se
1297 2413 1330 2431 ne
1349 2405 1471 2431 rinviene
1489 2413 1536 2431 co-

962 2449 1006 2483 pia
1025 2456 1134 2474 veruna.

1574 931 1611 954 10
