1708 2774
136 423 156 443 di
171 422 221 442 mim
235 421 249 441 il
263 421 344 444 dilecto.

135 456 168 469 mn
182 449 201 469 Ιι
214 448 302 472 felicita

136 488 155 510 ιΙ
174 488 221 509 mlo
244 487 344 508 iutelleno

136 514 264 544 percepibile,

136 611 248 636 indefinito,
271 611 345 631 immu-

136 639 204 663 nubile,
216 638 304 665 perfetta
314 637 345 658 ln-

135 671 221 687 ”mml-

162 717 204 738 che
218 724 240 738 ne
255 724 266 738 e
282 717 296 737 li
310 716 343 744 poi

135 751 177 765 non
194 749 252 764 trove
287 750 342 763 uouo

136 771 206 792 alcimo
225 771 244 791 ιΙ
259 770 342 794 mondo,

135 798 285 844 ”⁶⁹⁹⁰ie÷⁵⁸0¹i2
294 797 342 843 ⁵⁰3:

134 831 286 872 xnffi'mimo
295 830 341 870 ago.

158 1356 219 1377 Neu·
226 1363 263 1376 sua
269 1357 344 1383 episto-

134 1383 153 1403 la
167 1383 195 1411 gli
209 1384 303 1403 min-eci·
319 1384 344 1403 dn

135 1410 207 1430 ultimo
228 1409 277 1430 l'irn
290 1410 343 1438 degli

134 1437 216 1457 amanti.

160 1706 193 1726 Mn
203 1713 244 1727 nou
253 1711 285 1727 sta
294 1713 306 1727 ι
313 1706 342 1727 lui

133 1733 224 1754 temerle.

159 1879 239 1907 Fingasi
262 1880 299 1900 che
320 1881 341 1901 iu

133 1906 185 1926 ciclo
211 1907 284 1933 giudici
309 1907 341 1927 del

134 1932 179 1952 loro
188 1934 242 1960 pino
250 1940 342 1961 segg-uo

135 1958 215 1979 Venere
228 1961 252 1980 ed
267 1961 342 1981 Amore

135 1986 245 2007 circondni
289 1987 342 2007 dall-

134 2012 211 2033 schieru
240 2013 294 2041 degli
321 2021 341 2034 a·

135 2040 205 2059 munti.

159 2065 255 2093 Espougn
280 2067 342 2088 Pelle-

134 2093 193 2119 griuo
207 2093 253 2120 qual
267 2095 296 2114 sin
304 2094 341 2114 Ιί-

134 2125 190 2139 more
214 2120 287 2148 ch'egli
307 2128 340 2142 vn·

134 2145 227 2173 sbessssim

371 297 414 330 34
786 285 1130 324 EPISTOLARIO

372 429 476 453 torum
501 425 645 461 augetur;
665 425 731 448 non
756 413 795 446 ad
818 412 1057 452 recreationem,
1073 411 1130 445 sed
1149 411 1189 445 ad
1211 410 1396 445 felicitatem
1419 421 1560 454 amatur3

373 489 438 511 non
460 475 627 520 percipitur
649 484 756 512 sensu,
775 470 830 504 sed
849 470 1050 514 amplectitur
1067 469 1251 504 intellectu:
1271 481 1339 503 non
1362 478 1468 514 potest
1482 469 1561 504 defi-

372 546 454 575 cere,
472 534 546 577 quia
565 531 673 576 nequit
696 529 773 563 illud
793 528 926 570 bonum,
947 539 1022 562 cum
1041 539 1155 562 verum
1175 527 1299 561 bonum
1318 528 1370 569 sit,
1389 527 1560 572 aliquando

371 604 438 627 non
465 591 552 635 diligi
577 589 628 623 vel
650 599 717 622 non
737 599 815 628 esse,
833 587 907 631 quia
930 586 1027 619 nichil
1051 587 1083 620 in
1107 587 1177 630 ipso
1200 586 1419 620 transitorium
1442 595 1490 620 est
1512 586 1560 621 ni-

373 650 497 693 chilque
519 647 606 693 quod
629 658 695 680 non
720 646 760 679 sit
778 657 818 679 ex
842 646 933 679 omni
954 653 1039 688 parte
1058 643 1247 689 perfectum.
1295 643 1373 678 dicis
1397 653 1505 679 autem
1529 654 1562 680 te

371 708 492 741 bonum
511 705 678 739 hominem
697 715 763 737 non
783 702 917 737 vidisse:
941 714 1019 747 ergo
1039 702 1185 736 Iohanna
1204 711 1269 744 tua,
1289 702 1364 746 quia
1380 701 1483 736 homo
1501 710 1561 744 est,

370 765 453 798 bona
476 776 543 798 non
566 772 629 797 est:
650 774 728 806 ergo
746 772 815 795 rem
831 772 898 794 non
918 760 1037 794 bonam
1055 771 1153 793 amas.
1200 759 1288 804 quod
1307 760 1334 794 si
1354 759 1393 794 de
1412 760 1561 795 masculis

369 823 474 857 solum
503 821 660 865 intelligas
683 820 769 854 illam
797 819 979 863 irrepertam
1006 819 1039 852 in
1064 818 1196 852 homine
1222 818 1412 859 bonitatem,
1436 818 1561 853 nullum

368 881 539 914 hominum
565 879 663 912 velim
690 889 788 918 ames,
814 877 892 911 nulli
919 877 1045 921 patiaris
1069 877 1188 918 amari3
1213 885 1246 910 et
1265 876 1305 910 de
1333 876 1482 910 Iohanna
1507 885 1563 911 tua

368 938 544 983 pronuncia
566 936 653 981 quod
681 935 765 969 bona
787 936 827 968 sit
851 934 993 975 domina,
1022 946 1089 968 non
1118 934 1204 968 bona
1227 934 1330 968 homo
1353 934 1406 969 vel
1430 935 1562 977 mulien

369 1007 503 1040 eamque
522 995 719 1039 turpissimus
742 1005 852 1028 servus
884 1005 955 1026 ama
978 993 1070 1026 sicuti
1094 992 1263 1026 dominam
1287 992 1420 1034 bonam,
1440 1004 1508 1027 non
1527 1002 1564 1027 ut

369 1053 501 1093 bonum,
516 1053 542 1086 si
564 1061 669 1096 potest
688 1061 795 1085 tamen
818 1051 852 1084 in
873 1063 907 1085 re
930 1062 998 1084 non
1018 1050 1102 1084 bona
1122 1050 1246 1085 bonum
1273 1050 1402 1096 aliquod
1425 1051 1562 1096 reperiri.

367 1113 423 1146 sed
442 1111 633 1156 sophisticis,
652 1110 746 1150 dices,
766 1110 873 1143 uteris.
921 1110 983 1143 hoc
1011 1118 1120 1143 autem
1140 1121 1203 1154 ego
1231 1121 1300 1143 non
1324 1109 1420 1151 facio,
1442 1110 1504 1144 nisi
1527 1118 1564 1144 ut

368 1169 456 1215 quod
474 1169 531 1203 tibi
549 1167 691 1203 secundo
707 1167 779 1201 loco
802 1168 933 1212 promisi
952 1168 1016 1200 iam
1035 1167 1188 1212 incipiam
1204 1176 1237 1201 et
1252 1167 1362 1202 videas
1380 1178 1564 1212 parumper,

371 1239 444 1261 cum
467 1228 502 1261 in
524 1226 771 1271 disputationem
791 1226 927 1266 veneris,
946 1225 1023 1270 quid
1046 1226 1196 1270 loquaris.

457 1287 650 1332 Incipiamus
665 1298 743 1332 ergo
755 1297 843 1319 tuam
855 1285 943 1319 illam
956 1285 1125 1330 epistolam
1137 1285 1304 1327 discutere,
1316 1297 1380 1330 qua
1399 1285 1564 1321 concludis

371 1355 480 1380 contra
499 1357 551 1379 me
573 1347 706 1379 iuvenes
722 1354 855 1378 cunctos
870 1344 1041 1378 armandos
1058 1354 1153 1389 atque
1169 1345 1302 1389 puellas,
1322 1357 1440 1390 meque
1458 1345 1564 1390 pueris

371 1404 511 1438 dandum
535 1404 568 1437 in
591 1403 714 1444 ludum,
734 1415 775 1437 ne
799 1402 935 1437 audeam
969 1415 1025 1448 per
1053 1403 1136 1437 hanc
1167 1403 1377 1437 clarissimam
1400 1403 1564 1438 civitatem

371 1462 504 1506 amplius
516 1461 675 1495 ambulare
682 1474 692 1502 ;
709 1461 848 1505 dicisque
861 1472 913 1494 me
926 1460 1252 1506 quadragesimalibus
1264 1461 1340 1495 cibis
1351 1472 1422 1495 esse
1433 1461 1564 1502 elatum,

370 1521 424 1564 qui
439 1532 492 1554 me
511 1531 609 1564 usque
628 1520 661 1553 in
676 1520 813 1564 primum
839 1519 944 1553 celum
969 1519 1162 1560 detulerunt,
1185 1528 1216 1553 et
1235 1519 1344 1554 subdis
1360 1519 1458 1564 quod,
1478 1521 1506 1554 si
1523 1519 1564 1554 ad

369 1578 496 1611 tertium
519 1577 745 1622 pervenissem,
771 1577 948 1611 amantium
974 1577 1147 1622 unguibus,
1170 1586 1206 1611 ut
1228 1579 1356 1612 Acteon
1378 1589 1398 1611 a
1422 1577 1564 1618 canibus,

367 1634 500 1669 fuissem
530 1635 745 1669 miserabiliter
777 1636 941 1670 laceratus.
989 1647 1010 1669 o
1033 1636 1172 1670 ioculare
1204 1635 1411 1680 figmentum,
1439 1647 1461 1669 o
1489 1647 1565 1670 vere

369 1706 478 1728 amens
501 1703 532 1727 et
555 1706 621 1728 non
646 1694 770 1728 amans!
819 1706 924 1738 egone
955 1703 1100 1728 metuam
1124 1695 1305 1729 amantium
1329 1694 1488 1729 iuvenum
1510 1702 1565 1736 aut

368 1752 536 1786 mulierum
552 1752 587 1785 in
601 1751 660 1786 hac
680 1761 790 1786 nostra
814 1753 1022 1786 contentione
1046 1752 1224 1787 iudicium?
1265 1764 1334 1787 non
1349 1761 1444 1787 certe.
1482 1763 1565 1786 con—

368 1810 535 1844 stituamus
553 1811 585 1844 in
606 1822 686 1855 auge
710 1811 792 1844 tertii
812 1811 871 1844 celi
890 1811 973 1845 inter
987 1820 1019 1845 te
1038 1820 1070 1845 et
1089 1823 1142 1845 me
1162 1799 1308 1845 ordinata
1332 1811 1564 1856 disceptatione

369 1868 530 1903 iudicium.
575 1868 706 1903 sedeant
720 1869 811 1903 laturi
823 1870 1014 1903 sententiam
1035 1870 1068 1904 in
1087 1881 1186 1904 aureo
1205 1869 1324 1904 throno
1339 1870 1453 1905 Venus
1469 1879 1564 1916 atque

370 1926 516 1971 Cupido:
541 1926 643 1961 adsint
665 1927 898 1962 indissolubiles
919 1928 1040 1970 Gratie,
1060 1940 1138 1973 quas
1162 1919 1291 1973 fingunt
1314 1938 1404 1963 vates
1427 1929 1564 1964 Venetis

369 1993 399 2018 et
422 1984 526 2018 Liberi
549 1983 627 2018 filias
635 1997 645 2026 ;
673 1986 712 2019 sit
739 1986 895 2020 iuvenum
925 1995 956 2020 et
980 1987 1159 2021 amantium
1183 1987 1350 2032 utriusque
1373 1998 1470 2022 sexus
1493 1998 1565 2032 per·

368 2042 467 2075 mixta
493 2042 662 2076 multitudo
693 2044 725 2077 in
750 2055 868 2078 corone
892 2044 1099 2078 simulacrum
1123 2044 1314 2079 circunfusa.
1361 2045 1423 2086 dic,
1439 2056 1563 2090 precor,

369 2111 495 2133 causam
518 2110 616 2134 tuam.
663 2112 748 2143 ame,
768 2102 884 2147 inquis,
910 2114 1009 2136 unam
1034 2115 1074 2136 ex
1098 2103 1334 2137 honestissimis
1358 2102 1563 2144 dominabus,

367 2169 427 2202 que
440 2157 555 2192 fuerint
572 2159 605 2192 in
624 2159 723 2193 vitam
743 2159 840 2194 edite:
862 2172 948 2202 amo,
968 2161 1113 2206 inquam,
1130 2173 1198 2195 non
1217 2161 1257 2195 ad
1277 2162 1490 2207 voluptatem,
1505 2161 1563 2196 sed

366 2227 423 2259 pro
435 2217 548 2250 mentis
566 2217 771 2259 recreatione,
787 2219 902 2252 reiecta
921 2230 1113 2264 quacunque
1131 2218 1261 2253 libidine
1281 2220 1393 2253 carnis.
1439 2230 1562 2260 nonne,

1594 947 1634 971 10

1595 1242 1631 1276 15

1590 1823 1634 1858 25

1591 2115 1635 2149 30

367 2285 440 2307 cum
455 2274 517 2308 hoc
536 2274 662 2317 dixeris,
680 2285 748 2310 tota
761 2277 876 2310 concio
893 2288 967 2311 cum
981 2277 1101 2311 iudicio
1121 2287 1261 2313 vertetur
1278 2278 1314 2312 in
1329 2277 1453 2312 risum?
1497 2288 1562 2322 ego
1592 2281 1596 2284 ”

366 2343 442 2365 vero
465 2341 573 2366 contra
595 2342 626 2366 te
651 2342 842 2368 cunctorum
866 2336 1038 2370 astantium
1068 2336 1291 2370 testimonium
1313 2335 1486 2377 invocabo,
1511 2346 1561 2369 ro-

415 2470 440 2491 4.
455 2463 508 2487 Cod.
523 2465 619 2489 trasitor.
690 2468 722 2490 16.
738 2467 795 2491 Cod-
808 2470 893 2492 omem
906 2468 1020 2492 discutere
1087 2475 1123 2494 21.
1140 2470 1197 2494 Cod.
1212 2471 1298 2493 acheon
