1682 2762
96 864 134 887 10

94 1152 132 1185 15

89 1446 132 1470 20

436 213 484 240 DI
512 213 774 242 COLUCCIO
806 214 1078 242 SALUTATI.
1284 215 1346 249 203

229 339 293 372 Sed
316 339 376 372 hec
398 338 615 380 dimittamus;
639 349 714 374 sunt
737 340 824 373 enim
848 339 1044 373 densissimis
1061 339 1186 383 oppleta
1205 339 1351 380 tenebris,

163 397 315 441 quoniam
345 397 458 430 veritas
481 396 554 430 facti
581 397 658 430 latet
688 397 721 430 in
752 397 913 430 mentibus
941 397 1128 438 electorum,
1152 397 1191 430 de
1214 408 1280 441 quo
1304 398 1351 431 ius

162 453 250 498 quod
267 463 394 498 oportet
409 465 539 498 querere
554 454 622 488 sine
642 454 740 488 dubio
755 455 898 488 noscitur
915 454 1136 499 provenire(¹).
1183 466 1249 487 non
1265 455 1352 488 enim

163 524 388 557 usquequaque
408 513 527 546 clarum
547 522 595 546 est
613 513 701 557 quod
720 513 834 547 dicitur
849 513 1017 547 Urbanum
1036 525 1091 557 per
1105 514 1280 548 tumultum
1299 525 1354 558 po-

162 570 228 614 puli
250 570 375 603 romani
399 570 450 603 vel
473 571 658 605 Romanum
682 570 733 604 vel
755 570 869 604 saltem
890 570 1036 604 Italicum
1060 571 1263 605 acclamantis
1291 571 1354 605 ele-

163 637 250 661 ctum
273 637 306 661 et
323 627 451 668 eodem,
463 636 499 661 ut
517 629 677 667 astruitur,
694 637 782 661 metu
801 627 934 661 durante
950 628 1197 662 inthronizatum
1213 630 1353 673 Aposto-

161 685 220 719 lice
249 684 336 726 Sedi,
364 686 452 718 iuxta
479 685 606 719 Nicolai
640 696 720 729 pape
754 675 918 727 decretum
948 696 1016 718 non
1046 685 1270 729 apostolicum,
1298 685 1354 719 sed

162 743 373 787 apostaticum
384 744 525 777 extitisse
533 743 578 776 (²).
624 743 885 787 quandoquidem
897 743 994 776 etiam
1006 743 1031 775 si
1045 744 1235 776 nominatim
1246 744 1354 787 ipsum

162 799 268 834 furens
291 800 341 833 ille
365 800 500 845 populus
523 802 732 845 poposcisset,
755 800 860 834 liberis
879 809 911 834 et
933 800 1090 834 inclinatis
1110 801 1272 835 mentibus
1295 813 1353 846 po-

161 858 274 892 tuis'set
295 857 335 891 ab
359 857 548 892 electoribus
571 858 731 892 nominari
755 867 786 891 et
809 858 840 891 in
864 869 1029 892 summum
1042 857 1227 902 pontificem
1243 858 1352 900 libere,

160 916 229 950 sine
239 927 432 959 quocunque
451 916 616 949 clamantis
635 915 744 959 populi
758 924 902 959 respectu
925 915 976 948 vel
996 924 1094 956 metu,
1107 915 1259 959 quicquid
1278 926 1353 948 con-

160 974 349 1008 iectantium
379 973 568 1018 imaginatio
597 973 655 1006 sibi
685 972 872 1017 persuadere
900 973 1001 1017 possit
1026 982 1080 1007 aut
1110 973 1197 1014 velit,
1221 973 1350 1006 assumi.

161 1043 200 1065 ex
218 1043 285 1076 quo
303 1043 371 1065 non
390 1040 438 1065 est
452 1040 558 1065 ratum
578 1031 654 1065 illud
673 1031 942 1064 violentissimum
961 1039 1206 1075 argumentum:
1231 1031 1351 1065 electus

159 1089 219 1124 fuit
248 1089 397 1124 Urbanus
426 1101 493 1123 non
522 1089 628 1129 libere,
651 1088 707 1122 sed
733 1100 788 1133 per
818 1097 952 1129 metum,
976 1088 1096 1132 populo
1123 1099 1259 1121 romano
1291 1088 1351 1121 fre-

160 1156 285 1181 mente:
305 1147 358 1180 vel
376 1146 522 1181 Italicum
541 1146 592 1180 vel
612 1146 853 1181 Romanumo).
899 1146 1052 1190 quoniam
1073 1157 1113 1178 an
1133 1155 1238 1179 metus
1258 1144 1351 1178 fuerit

159 1204 242 1238 illius
258 1204 422 1238 electionis
437 1204 622 1245 causa,licet
633 1203 715 1238 forte
731 1203 792 1237 dici
808 1203 907 1248 possit
918 1203 1055 1244 occasio,
1070 1214 1136 1237 non
1156 1212 1203 1236 est
1219 1203 1349 1242 clarum,

159 1262 215 1297 sed
239 1263 272 1296 in
295 1262 485 1307 eligentium
512 1262 673 1295 mentibus
702 1261 936 1306 consepultum.
976 1261 1056 1295 circa
1079 1260 1167 1306 quod
1191 1269 1349 1294 secretum

158 1321 184 1355 si
207 1330 461 1365 presupponatur
490 1319 626 1354 liberum
655 1331 721 1353 non
746 1319 872 1353 affuisse
892 1330 1098 1359 consensum,
1122 1328 1171 1353 tot
1193 1328 1277 1352 stant
1300 1318 1346 1352 lit·

158 1388 236 1418 tere,
259 1389 326 1412 non
351 1378 532 1423 collegiales
560 1378 677 1417 solum,
701 1389 780 1422 quas
807 1386 912 1411 metus
935 1378 1039 1422 potuit
1062 1386 1263 1421 extorquere,
1293 1375 1349 1410 sed

159 1436 278 1480 privata
305 1435 465 1480 liberaque
497 1435 661 1469 voluntate
691 1445 855 1480 concepte,
881 1445 946 1468 non
975 1446 993 1468 a
1019 1435 1127 1468 multis
1150 1434 1268 1475 solum,
1292 1433 1348 1467 sed

158 1494 265 1528 forsan
288 1494 326 1528 ab
349 1493 499 1527 omnibus
523 1493 730 1539 cardinalibus
755 1492 793 1527 ad
818 1493 936 1527 multos
960 1502 992 1526 et
1018 1491 1146 1526 forsitan
1171 1492 1210 1525 ad
1234 1503 1349 1525 omnes

158 1552 412 1588 Christianorum
430 1552 584 1596 principes
604 1561 636 1585 et
651 1552 776 1596 aliquos
791 1551 928 1596 populos
943 1550 1109 1591 destinate,
1127 1550 1215 1595 quod
1235 1561 1349 1594 usque-

1231 1669 1253 1691 6.
1269 1669 1302 1698 et]
1317 1667 1347 1691 ι’

1165 1710 1200 1732 ιο.
1215 1709 1246 1731 Rs·
1256 1715 1298 1737 per
1311 1714 1349 1731 oc·

824 1678 846 1700 5.
862 1671 916 1693 Μ-ὶ)
929 1673 1013 1693 ometoe
1027 1669 1113 1692 romoni
1128 1669 1163 1691 vel

929 1717 959 1738 ¹⁴·
977 1710 1030 1732 Μ-ῑ)
1042 1710 1108 1732 fuerit

212 1678 232 1694 a.
243 1672 362 1701 quoni-:¹11¹¹
374 1672 404 1694 Ru·
415 1678 483 1700 quum
497 1678 510 1694 e
523 1672 598 1694 scrire
609 1672 653 1701 po!
666 1672 763 1694 metibus

160 1711 189 1734 Ri
202 1715 227 1734 ut
281 1717 302 1740 7.
318 1709 347 1733 1.¹
358 1710 461 1733 Nicolaio
525 1718 559 1740 ¹3·
570 1711 624 1733 ΜΦ
637 1711 696 1740 dopo
709 1717 756 1739 arg.
769 1710 801 1733 dd
811 1711 872 1740 quod

159 1751 232 1779 casio,
246 1752 288 1774 che
303 1754 394 1777 omem,
409 1750 440 1773 dd
455 1750 573 1779 negocium
628 1757 666 1773 zo.
682 1752 712 1773 Rn'
723 1750 823 1779 prium

193 1859 236 1894 (ι)
255 1859 280 1885 Α
300 1858 467 1894 cinquecent'
477 1860 540 1885 anni
565 1859 590 1885 di
610 1859 729 1885 distanza

157 1900 195 1936 gli
212 1901 303 1927 :toxici
318 1901 440 1936 ripetono
453 1900 479 1928 la
494 1901 640 1928 medesima
654 1908 729 1928 cosa:

158 1952 173 1967 α
190 1941 241 1970 ιω
270 1943 390 1970 temoins
419 1942 459 1970 les
490 1942 579 1969 mieux
613 1942 730 1970 instruits

158 1994 174 2010 ot
187 1984 287 2012 etaient
304 1985 375 2012 aussi
394 1984 433 2012 les
451 1985 510 2020 plus
529 1991 668 2021 suspects;
683 1985 728 2012 nul

160 2036 175 2052 ι
187 2035 222 2054 ne
240 2027 350 2062 pouvait
367 2028 457 2054 mieux
469 2035 522 2063 que
535 2026 573 2054 les
585 2027 728 2054 cardimux

159 2078 174 2094 α
188 2069 342 2104 renseigner
359 2077 405 2096 sur
428 2068 499 2096 leurs
518 2077 627 2105 propres
646 2075 728 2102 actes,

160 2120 174 2135 ι
187 2119 232 2138 sur
250 2110 320 2138 luxrs
339 2119 450 2147 propres
469 2111 640 2147 dispositions
659 2111 728 2139 d'es-

161 2163 175 2179 α
189 2154 246 2189 prit.
284 2154 353 2180 Mais
380 2153 427 2180 nul
451 2154 522 2181 aussi
552 2154 652 2181 n'avait
670 2154 728 2190 plus

160 2206 174 2220 α
187 2195 284 2231 qu'eux
291 2197 387 2223 interet
395 2197 409 2222 a
416 2197 538 2223 travestir
544 2197 590 2223 des
597 2196 656 2223 faits
663 2197 730 2224 dont

161 2247 175 2263 κ
188 2239 298 2274 pouvait
321 2239 434 2266 resultet
459 2238 516 2266 leur
542 2247 640 2275 propre
666 2248 729 2267 con-

159 2289 175 2304 «
187 2280 345 2308 damnation
355 2291 378 2307 n.
403 2280 520 2314 vimis,
528 2289 571 2317 op.
581 2281 625 2308 cit.
636 2290 660 2317 p.
671 2290 699 2316 35
708 2289 729 2313 3.

160 2321 258 2357 IlJffln
266 2324 388 2358 perb.op.
397 2323 440 2349 cit.
447 2332 471 2359 p.
482 2323 524 2358 87,
532 2325 546 2350 e
554 2323 599 2359 piu
609 2323 728 2350 risoluto.

193 2365 238 2398 (2)
257 2364 286 2390 Si
305 2364 392 2391 allude
411 2364 465 2391 alla
483 2371 608 2392 sentenza
622 2366 647 2391 di
663 2365 727 2392 Nic-

774 1858 836 1885 coll>
855 1858 889 1891 11,
916 1858 1054 1893 registrata
1081 1857 1126 1883 nel
1153 1856 1250 1883 Deerat.
1281 1855 1348 1882 Gra-

775 1902 850 1928 tiani:
871 1911 884 1925 ιι
900 1901 929 1927 Si
948 1900 1007 1936 quis
1026 1899 1200 1935 Apostolicae
1214 1898 1347 1925 Sedisine

775 1953 790 1968 α
806 1943 935 1970 concordi
949 1949 976 1970 et
988 1942 1119 1970 canonica
1138 1941 1270 1968 electione
1289 1947 1347 1967 car-

775 1995 790 2011 «
804 1985 934 2013 dinalium
977 1985 1097 2012 eiusdem
1134 1983 1284 2016 Ecclesiae,
1316 1990 1347 2009 ac

776 2038 790 2053 α
804 2028 900 2055 deinde
913 2027 1080 2063 sequentium
1093 2026 1283 2061 religiosorum
1293 2023 1348 2051 cle-

777 2081 790 2095 «
806 2071 922 2097 ricomm
938 2070 1141 2100 inthronizatur,
1155 2076 1210 2094 non
1221 2075 1291 2103 papa
1303 2066 1347 2093 vel

776 2123 790 2138 α
804 2112 975 2148 apostolicus,
993 2112 1040 2139 sed
1067 2111 1229 2147 apostaticus
1247 2109 1348 2136 habea-

776 2165 790 2178 α
804 2161 846 2181 tur
859 2164 882 2180 ».
921 2154 996 2180 Dacr.
1016 2161 1085 2189 pars.
1099 2153 1120 2185 1,
1139 2152 1198 2179 dist.
1219 2158 1347 2183 Lxxvmr,

775 2205 832 2233 cap.
853 2205 872 2228 ι,
892 2206 914 2223 c.
937 2204 985 2229 ¹44
996 2204 1018 2222 Β.

809 2238 851 2273 (3)
870 2232 891 2265 E
902 2237 1053 2265 notissimo
1072 2236 1091 2263 il
1101 2236 1178 2272 grido
1190 2235 1217 2262 in
1229 2235 1272 2262 cui
1287 2242 1349 2270 pro-

775 2289 859 2316 ruppe
878 2280 903 2307 la
923 2279 1103 2307 tumultuante
1122 2277 1262 2314 plebaglia.
1275 2285 1349 2304 men-

774 2329 815 2350 tre
838 2323 845 2349 i
866 2321 993 2350 cardinali
1011 2321 1032 2348 si
1052 2321 1213 2347 riducevano
1235 2319 1262 2346 al
1287 2327 1351 2346 con-

776 2366 866 2392 clave:
886 2375 900 2389 ι
912 2365 1040 2393 Romano
1058 2363 1087 2391 lo
1106 2363 1292 2390 volemo...».

1406 343 1440 363 Πι
1451 343 1506 364 bmi
1517 343 1537 363 di
1547 344 1579 364 cio
1589 350 1594 367 ;

1380 369 1408 397 gli
1457 371 1595 390 avvenimenn

1380 402 1426 443 :2¹22
1445 401 1520 443 ¹:⁰¹3?
1530 397 1597 443 ,Ξῗέῐ

1381 449 1449 470 celat·
1459 449 1512 469 nell·
1527 455 1598 470 mente

1379 476 1399 496 di
1413 476 1446 496 chi
1460 476 1482 496 fu
1496 481 1564 496 neore
1577 477 1597 496 di

1380 502 1426 529 quel
1441 503 1538 523 dmmma.

1408 529 1456 550 Non
1478 534 1551 550 consu
1567 530 1598 549 in·

1381 555 1428 576 fani
1449 555 1487 576 che
1509 555 1594 576 urbano

1383 582 1440 603 fosse
1475 582 1538 603 eletio
1573 583 1594 602 in

1382 615 1453 629 mezzo
1468 609 1487 629 nl
1505 609 1594 629 tumulto

1379 1102 1390 1116 e
1415 1096 1453 1116 che
1476 1096 1490 1116 il
1517 1097 1591 1118 timore

1379 1129 1504 1150 provocasse
1520 1123 1540 1143 1·
1554 1131 1591 1145 ω.

1378 1149 1455 1173 :celtu

1378 1272 1451 1299 poiche
1465 1277 1538 1293 eoum
1548 1272 1590 1293 tale

1377 1299 1492 1319 men-zion
1516 1304 1548 1319 m
1570 1299 1590 1320 1·

1378 1325 1476 1346 condona
1497 1325 1531 1345 de'
1546 1332 1589 1346 ω-

1376 1352 1437 1372 dinan
1452 1352 1488 1372 eh·
1503 1351 1524 1372 lo
1537 1353 1589 1372 rico-

1377 1378 1470 1399 nobbero
1488 1378 1589 1406 legittimo

1376 1405 1487 1432 pontefice,

1377 1458 1406 1478 ιίι
1422 1458 1589 1479 munti-udone

1376 1484 1485 1505 l'elezioue
1498 1491 1537 1505 oon
1551 1485 1589 1505 let-

1377 1517 1419 1532 tere
1442 1511 1548 1538 pubblxche
1576 1517 1588 1531 e

1377 1539 1455 1565 priv-te
