1682 2762
62 929 103 954 10

60 1218 97 1252 ¹5

54 1507 97 1532 20

411 270 460 297 DI
492 268 758 298 cotuccm
790 266 1061 296 εΑιυΤΑτι.
1267 258 1330 301 389

133 395 300 430 nobilitate
319 395 397 440 quid
419 396 570 436 sentiam,
596 395 700 440 primo
723 394 831 435 libelli,
854 405 951 439 quem
975 393 1168 435 transmitto,
1191 393 1330 438 capitulo

133 454 254 498 poteris
274 453 448 495 intueri(²);
463 465 530 488 non
546 453 634 498 quod
648 452 771 488 nullam
785 452 916 487 arbitrer
933 464 974 486 ex
993 451 1148 496 dignitate
1167 452 1330 486 maiorum

137 521 170 547 et
191 513 396 547 successione
419 512 584 557 sanguinis
600 510 813 546 nobilitatem.
859 520 906 545 est
928 511 962 544 in
979 521 1016 545 ea
1035 521 1103 544 non
1118 510 1208 555 vulgi
1223 509 1330 544 solum

135 570 300 615 opinione,
323 569 381 604 sed
403 570 472 614 ipsa
495 579 608 604 natura
625 569 728 604 latens
741 568 892 614 quedam,
908 577 944 602 ut
961 569 1006 602 ita
1025 567 1173 609 dixerim,
1191 568 1329 612 energia,

132 628 273 674 quedam
296 628 422 663 indoles
445 636 477 662 et
499 628 644 672 ingenita
666 638 797 662 morum
825 626 980 671 aptitudo,
998 638 1062 671 que
1090 626 1195 660 taliter
1215 637 1272 670 per
1294 638 1329 660 se

131 695 230 731 patet,
249 685 339 731 quod
356 697 425 720 non
440 686 540 731 possit
559 685 638 720 illud
652 685 899 730 quodammodo
919 685 1053 729 genium
1067 683 1230 718 occultari.
1271 683 1328 718 sed

131 743 172 778 de
195 744 259 778 hoc
281 743 367 779 alias.
414 755 463 778 res
487 745 574 778 enim
599 753 647 778 est
669 755 737 778 non
760 754 856 788 parve
879 742 1156 777 considerationis.

198 801 300 843 Quod
331 811 439 836 autem
468 802 646 841 sciscitaris,
669 802 741 846 quis
770 800 864 835 fuerit
894 800 1083 845 prestantior
1114 799 1254 833 Achilles
1285 811 1326 833 an
1353 802 1567 850 maeffaffiffss’ss

131 861 264 901 Hector,
288 860 363 894 licet
386 861 559 901 Homerus,
579 868 659 893 teste
683 858 965 903 Philosopho,
987 867 1121 902 paterno
1137 858 1325 892 testimonio
1353 855 1567 910 &wilm

129 917 267 953 celebret
290 918 476 959 Hectorem,
499 918 655 962 quoniam
679 927 745 951 erat
768 916 861 951 valde
885 915 999 958 bonus,
1033 928 1138 961 neque
1160 915 1327 950 videbatur
1352 909 1566 958 mdss‘gssae

129 977 187 1011 viri
206 976 350 1010 mortalis
374 988 452 1020 puer
473 976 619 1017 existere,
643 975 699 1009 sed
723 974 835 1016 Deio),
860 986 927 1008 non
957 975 1064 1019 inepte
1087 983 1194 1019 potest
1215 973 1326 1016 Achil-
1352 963 1451 1010 mod
1467 963 1566 1017 {33⁰2}

127 1034 184 1077 les,
217 1035 371 1080 quoniam
405 1034 516 1068 vicerit
553 1034 742 1075 Hectorem,
772 1032 930 1067 anteferri.
987 1033 1162 1067 Homerica
1192 1032 1325 1077 quidem
1353 1016 1423 1041 “w'’

126 1092 179 1127 illa
198 1093 265 1127 laus
285 1093 434 1127 Hectoris
457 1103 524 1126 non
548 1101 597 1126 est
619 1103 659 1125 ex
682 1103 818 1137 persona
841 1100 947 1137 poete,
967 1090 1023 1125 sed
1046 1092 1154 1136 patris,
1171 1091 1260 1125 cuius
1278 1099 1325 1124 te-

125 1150 318 1185 stimonium
341 1151 381 1184 sit
404 1161 462 1195 pro
485 1149 552 1184 filio
576 1149 697 1184 modici
731 1149 801 1184 sine
827 1148 1026 1183 dubitatione
1050 1149 1220 1183 momenti.
1266 1147 1323 1182 sed

127 1208 211 1249 vide,
234 1219 358 1253 precor,
391 1208 566 1253 phrygium
596 1208 748 1242 Daretam
775 1218 871 1252 super
902 1207 1051 1241 Hectoris
1081 1216 1231 1241 mortem.
1276 1207 1322 1240 vi·

126 1266 216 1302 debis
231 1267 319 1301 enim
338 1266 496 1301 Achillem
513 1266 642 1301 maioris
664 1266 780 1300 troiani
795 1266 956 1310 scriptoris
975 1266 1178 1300 attestatione
1196 1265 1322 1299 fortitu-

125 1324 208 1359 dinis
223 1334 255 1359 et
268 1325 392 1359 virtutis
405 1323 500 1359 fuisse
513 1335 611 1369 quam
625 1324 799 1358 Hectorem
807 1324 851 1358 (⁴).
890 1323 1048 1358 Achillem
1064 1333 1216 1368 nepotem
1234 1323 1321 1357 Iovis

124 1391 158 1416 et
180 1381 330 1416 Thetidis
353 1381 455 1416 filium
480 1381 548 1416 vult
573 1382 755 1423 Homerus;
779 1381 895 1416 volunt
913 1391 947 1416 et
964 1393 1080 1416 omnes
1103 1382 1172 1416 sine
1196 1391 1320 1415 contra-

123 1440 264 1476 dictione
287 1450 393 1486 poete,
412 1452 493 1486 quos
513 1452 531 1475 a
554 1440 728 1474 maioribus
751 1449 784 1474 et
809 1440 926 1475 virtute
951 1451 1019 1474 non
1049 1440 1155 1474 solum
1184 1439 1320 1474 deorum

123 1499 315 1544 progeniem
338 1499 463 1540 volunt,
481 1498 539 1533 sed
562 1499 658 1533 etiam
681 1497 760 1533 deos
782 1498 860 1533 fieri.
907 1499 971 1533 sint
994 1499 1053 1533 hec
1071 1498 1147 1532 satis
1162 1497 1200 1533 ad
1223 1498 1318 1533 istud.

1357 452 1410 473 dove
1419 453 1438 473 si
1445 457 1506 474 mee·
1515 453 1570 475 dell:

1356 479 1570 535 ffaesfflz

1356 539 1418 561 sopr-
1433 533 1449 554 11
1464 533 1536 555 valon
1548 535 1569 556 ἃ

1355 566 1408 581 etna.

1348 1328 1399 1344 uto
1407 1323 1461 1345 dana
1468 1324 1505 1345 dn
1512 1323 1561 1345 'reti

1347 1350 1561 1425 fflflxffi‘}

175 1602 225 1624 ⁸·⁴·
239 1594 270 1618 R‘
284 1598 372 1619 σακε
384 1595 492 1625 dimit-te
506 1607 518 1614 -
532 1596 571 1619 ned
639 1603 661 1626 3.
676 1595 713 1619 l?
727 1597 844 1620 nobilitate
925 1603 973 1626 5-7.
989 1595 1020 1620 R'
1034 1599 1122 1620 onem
1135 1603 1159 1620 ne
1169 1608 1180 1615 ·
1189 1597 1318 1619 nmaidei-n-

123 1635 204 1664 tia-b,
220 1636 283 1659 dena
302 1637 372 1666 quale
390 1637 474 1659 utu-a
492 1637 578 1666 pamla
599 1637 738 1666 concluye
758 1643 774 1659 a
794 1643 834 1667 per
854 1638 887 1664 (r.
902 1639 928 1664 5)
950 1638 971 1660 le
987 1640 1022 1660 tre
1040 1637 1122 1660 :atate
1137 1637 1210 1666 finali
1223 1637 1319 1660 rationis

121 1676 144 1699 ⁸.
157 1674 190 1699 11¹
203 1675 355 1699 oei-eitam}-
423 1682 446 1706 9.
455 1675 606 1707 Phth-optio]
619 1675 651 1699 ¹³¹
661 1676 706 1706 pht‘)
720 1678 774 1705 (de)
846 1684 880 1700 ιο.
892 1675 922 1700 R¹
933 1680 1019 1700 onene
1027 1682 1074 1700 ent
1145 1684 1180 1707 ¹9.
1192 1676 1221 1700 R'
1232 1679 1318 1700 nuent

122 1722 182 1746 ‘1¹¹⁶-
194 1727 206 1734 ·
218 1719 294 1739 ΝΜ
307 1718 343 1746 (β
356 1721 419 1744 39⁰.
433 1722 454 1740 r.
472 1718 506 1745 ι)-

123 1802 312 1831 annnnziando
321 1803 346 1830 al
354 1803 458 1831 Turehi
467 1803 559 1831 d’aver
567 1803 697 1831 condono

121 1853 138 1871 a
151 1846 266 1873 termine
278 1845 296 1872 il
309 1851 418 1873 uamto
430 1845 471 1873 Da
479 1846 606 1874 nobilitate
616 1846 695 1882 legum

120 1892 145 1916 ut
153 1888 299 1922 medicinae,
308 1888 346 1925 gli
358 1894 525 1925 prometteva
534 1889 561 1916 di
571 1889 695 1925 spedime

121 1938 158 1957 un
173 1930 323 1967 esemplare
341 1939 357 1958 a
371 1930 513 1958 Malatesta
531 1931 565 1958 da
584 1931 694 1959 Pesaro.

120 1972 147 2000 A
164 1971 261 2000 suram
282 1980 417 2008 prome-sa
442 1973 498 2009 egli
521 1973 555 2000 da
575 1972 694 2001 effetum·

120 2014 197 2042 tione
213 2014 275 2042 coll'
285 2015 399 2051 epistola
418 2021 550 2051 presente,
563 2015 694 2044 destinata

117 2056 151 2083 ad
173 2065 387 2092 accompagnare
402 2057 498 2084 l'invio
516 2057 559 2084 del
573 2057 694 2086 volume.

154 2099 197 2134 (r)
206 2099 295 2127 Vena
305 2099 378 2127 forse
387 2099 444 2128 dire
454 2100 506 2127 che
513 2100 693 2136 perriguardo

118 2149 198 2169 verso
223 2148 344 2170 mnestro
370 2142 522 2170 Francaco
552 2142 587 2169 da
611 2142 693 2170 Sient

119 2191 203 2212 avevn
215 2191 274 2212 resa
287 2193 349 2212 men
364 2193 443 2221 aspra
455 2185 481 2212 la
493 2193 543 2212 sna
557 2185 693 2221 polemica

119 2230 216 2253 contro
240 2227 249 2254 i
271 2226 390 2254 medici?
426 2226 469 2254 Cf.
493 2226 512 2254 l·
521 2227 637 2262 epistola
654 2235 692 2254 ae-

119 2274 228 2303 guenne-

153 2310 197 2346 (2)
214 2310 238 2338 n
258 2311 347 2347 primo
372 2311 492 2347 capitolo
512 2311 557 2339 del
573 2317 692 2345 trattato,

119 2350 172 2378 ebe
189 2351 323 2379 s'intimla
342 2351 435 2384 Quid
449 2352 494 2379 sit
506 2352 691 2387 nobilitas,

118 2393 134 2419 e
153 2391 238 2420 difatti
256 2393 379 2421 dedicato
397 2402 413 2421 a
429 2393 542 2421 chiarire
558 2394 608 2422 che
627 2403 690 2422 cosa

118 2434 227 2462 debbasi
261 2435 399 2464 intendere
435 2445 483 2472 per
520 2447 535 2462 ι
548 2437 652 2464 αοῦἱὶιὰ
666 2448 690 2464 ιι.

743 1804 842 1833 «Vera
864 1812 958 1834 tamen
982 1805 1109 1834 nobilitas
1120 1816 1145 1839 ι,
1168 1807 1224 1833 cosi
1250 1813 1316 1833 con-

738 1847 837 1876 ehiude
855 1848 874 1876 il
893 1848 921 1876 S.
942 1849 967 1876 la
988 1857 1037 1876 sua
1058 1849 1139 1876 breve
1156 1848 1315 1876 trattazione

737 1889 781 1917 del
809 1890 949 1926 problema
975 1897 1050 1918 tante
1077 1891 1149 1918 volte
1173 1890 1313 1923 sollevato,

738 1941 753 1956 ι
763 1940 819 1959 non
838 1932 866 1959 in
881 1933 1043 1968 cognatione
1055 1933 1099 1960 vel
1113 1932 1253 1968 sanguine,
1265 1931 1312 1959 sed

739 1982 754 1998 ι
766 1973 795 2000 in
813 1973 954 2001 virtutibus
970 1981 1012 2002 est
1022 1983 1050 2007 »;
1068 1983 1111 2010 op.
1127 1975 1172 2001 cit.
1189 1983 1211 2002 c.
1226 1973 1276 2001 6³.

771 2014 816 2050 (3)
834 2015 975 2043 Λιιετοτ.
1000 2015 1057 2044 1302.
1075 2015 1109 2042 ad
1131 2015 1232 2043 Nicon.
1251 2014 1312 2046 vn,

737 2065 756 2090 1,
778 2065 799 2084 1.
838 2057 848 2084 1
862 2057 915 2084 due
931 2058 1001 2085 versi
1017 2057 1165 2090 d'Omero,
1181 2057 1227 2093 qui
1239 2057 1311 2084 citati

737 2098 781 2126 dal
800 2098 911 2126 filososo
926 2108 1017 2134 greco,
1030 2108 1100 2127 sono
1115 2099 1198 2136 qnelli
1210 2098 1310 2126 de11'11.

737 2140 837 2173 XXVI,
857 2141 978 2176 258-59:

1132 2189 1186 2215 οὐδὲ
1205 2189 1275 2224 {qiua

737 2232 824 2267 ἀνδρός
834 2242 864 2268 γι
874 2233 965 2260 Ova-rofi
973 2233 1033 2261 πάϊς
1043 2231 1156 2267 ἔμμεναι,
1163 2233 1233 2258 ἀλλὰ
1239 2232 1310 2259 tuto.

769 2310 812 2343 (4)
821 2309 983 2337 Veramente
990 2309 1098 2342 Darete,
1104 2309 1240 2336 narrando
1248 2309 1311 2337 l’uc-

735 2352 838 2379 cisione
857 2351 883 2378 d'
894 2351 987 2379 Ettore
1005 2359 1052 2387 per
1065 2359 1149 2379 mano
1167 2351 1193 2378 d’
1200 2350 1310 2379 Achille

734 2393 807 2430 (cap.
818 2394 912 2428 xxiv),
922 2402 978 2421 non
988 2394 1049 2421 dice
1062 2393 1155 2429 parole
1167 2393 1218 2421 che
1230 2394 1309 2421 suerii

734 2437 761 2463 in
779 2436 843 2463 lode
861 2435 888 2463 di
906 2436 991 2471 quest'
1002 2435 1107 2463 ultimo.
