1696 2782
126 469 207 492 Questo
213 474 226 494 p
227 473 310 487 sssssss

100 495 154 515 della
161 494 311 522 giurispruden-

100 529 131 546 zu,
146 523 212 541 imese
226 520 258 540 uel
272 526 310 540 auo

100 549 134 576 piu
139 548 181 569 alm
186 547 310 574 significato,

102 1039 168 1060 forma
181 1038 201 1058 ln
220 1038 312 1065 maggior

102 1066 149 1086 lude
157 1065 190 1085 del
199 1064 312 1088 cardinum

105 1327 188 1355 gincche
202 1333 247 1347 essa
264 1331 315 1346 me-

105 1360 138 1375 ιιι
147 1356 168 1374 in
177 1354 206 1374 lui
215 1354 234 1373 1·
245 1353 316 1379 cogni-

105 1383 165 1401 zioue
183 1380 254 1407 d'ogui
271 1384 315 1399 me

105 1409 174 1428 divina
191 1408 215 1427 ed
233 1413 314 1430 urum,

105 1433 246 1461 compi-eserie}
254 1433 315 1453 trivio

108 1804 119 1817 e
134 1797 167 1817 nel
181 1796 293 1824 quadrivio.

337 272 380 314 96
758 269 1097 301 EPISTOLARIO

338 402 448 447 legifer
466 403 610 446 princeps
624 400 676 434 vel
694 400 834 443 optimus
858 395 1156 431 iurisconsultorum
1179 393 1256 427 iuris
1279 393 1458 432 scientiam,
1473 391 1530 426 sed

336 461 409 495 iuris
425 459 638 504 prudentiam;
655 469 716 501 que
733 456 863 500 quidem
878 454 1045 499 prudentia
1060 463 1107 486 est
1122 461 1206 486 recta
1225 452 1305 485 ratio
1325 459 1453 485 actuum
1470 450 1529 484 hu-

338 530 518 557 manorum,
533 528 595 561 que
612 516 781 549 coniuncta
801 514 1073 556 determinataque
1095 512 1164 545 iure
1179 519 1212 543 et
1232 509 1354 554 legibus
1373 518 1440 542 tam
1459 508 1530 543 altis

336 577 375 611 sit
410 575 588 609 differentiis
619 573 677 607 sub
707 571 827 606 sciendi
855 569 1073 614 noscendique
1106 579 1224 613 genere
1251 566 1395 600 diffinita.
1453 567 1530 600 iuris

338 633 467 678 quidem
496 631 672 676 prudentia,
697 631 759 664 hoc
782 639 829 663 est
855 628 966 672 legalis
989 627 1155 671 agibilium
1177 626 1269 668 ratio,
1292 625 1392 659 nichil
1421 633 1480 666 est,
1503 625 1530 660 si

340 692 420 725 desit
442 691 620 724 divinarum
645 698 676 722 et
694 689 909 722 humanarum
931 697 1037 719 rerum
1061 685 1190 726 noticia,
1207 684 1281 718 iusti
1304 693 1398 728 atque
1420 683 1531 717 iniusti

339 750 478 790 scientia,
498 750 580 782 sicut
608 747 652 781 illi
681 747 787 780 divine
816 756 942 790 prorsus
967 743 1138 786 diffiniunt,
1162 754 1271 776 veram
1293 741 1529 787 philosophiam

340 819 405 841 non
433 807 626 846 simulatam,
650 814 685 838 ut
713 805 748 838 in
772 804 847 838 iuris
881 802 1110 847 prefationibus
1141 802 1302 845 inquiunt,
1329 808 1530 834 assectantes.

340 875 375 899 ut
398 877 437 898 ex
461 865 522 898 hoc
546 864 678 897 nomine
701 861 878 907 prudentia,
898 872 965 894 non
989 861 1063 894 iuris
1086 859 1351 904 speculationem,
1369 870 1432 903 que
1450 857 1532 892 forte

339 932 388 957 tot
404 934 511 956 rerum
529 922 693 955 scientiam
713 932 780 954 non
794 920 941 964 requirat,
956 918 1012 952 sed
1026 918 1181 962 praticam
1195 917 1302 962 potius
1320 916 1373 950 vel
1387 916 1532 950 habitum

339 981 499 1025 quesitum
532 992 571 1013 ex
606 978 726 1012 actibus
757 978 809 1011 illa
839 967 1029 1011 diffinitione
1059 976 1244 1020 reliquerint
1274 974 1532 1019 intelligendum.

340 1048 375 1072 ut
398 1037 550 1082 quicquid
579 1048 652 1070 cum
681 1035 814 1070 Sidonio
839 1035 878 1068 de
907 1034 1049 1079 prelibati
1081 1034 1181 1067 nostri
1212 1033 1336 1066 domini
1363 1032 1533 1067 virtutibus

340 1095 481 1140 predices
505 1105 536 1128 et
559 1095 692 1128 scientia
718 1093 921 1127 membratim
945 1102 977 1126 et
1001 1091 1229 1136 particulariter
1251 1091 1404 1135 spatieris,
1426 1099 1532 1124 totum

341 1155 408 1187 sine
429 1153 623 1186 dubitatione
639 1152 697 1186 sub
713 1152 787 1185 iuris
804 1151 972 1195 prudentia
991 1149 1248 1194 comprendatur.
1291 1160 1352 1183 nec
1370 1149 1480 1183 minor
1492 1148 1534 1183 sit

342 1211 401 1244 hec
424 1211 548 1244 domini
571 1210 670 1243 nostri
701 1210 767 1243 laus
791 1220 888 1253 quam
910 1208 1095 1242 Arvernatis
1119 1207 1171 1241 illa
1195 1206 1447 1247 commendatio,
1470 1217 1534 1251 qua

341 1279 408 1303 tam
433 1269 542 1309 effuse,
557 1277 624 1301 tam
642 1267 752 1301 floride
775 1276 904 1311 tamque
925 1266 1134 1300 exuberanter
1151 1266 1185 1299 in
1203 1266 1252 1299 sui
1271 1265 1440 1300 Claudiani
1462 1276 1534 1310 pre-

342 1327 448 1361 sbiteri
471 1327 662 1360 Viennensis
685 1325 920 1359 laudationibus
944 1333 1096 1369 evagatur
1110 1323 1154 1357 (¹).
1201 1323 1383 1358 divinarum
1401 1323 1534 1368 quidem

343 1395 374 1419 et
389 1385 602 1418 humanarum
617 1395 723 1417 rerum
747 1383 879 1416 scientia
901 1382 978 1427 quid
1001 1391 1050 1416 est
1071 1382 1160 1427 quod
1177 1393 1246 1416 non
1269 1381 1400 1423 affatim,
1418 1382 1446 1415 si
1463 1382 1535 1426 quis

342 1452 425 1476 recte
438 1442 593 1487 respiciat,
605 1441 834 1486 amplectatur?
878 1441 939 1475 hec
955 1442 1086 1475 trivium
1101 1452 1139 1475 ac
1154 1440 1358 1486 quadrivium
1379 1442 1534 1482 continet,

342 1513 479 1546 quorum
496 1501 608 1545 triplex
621 1500 697 1534 illud
712 1501 851 1544 primum
868 1500 1002 1533 nomina
1013 1511 1131 1538 rerum.
1143 1509 1274 1534 actuum
1289 1509 1322 1534 et
1336 1499 1535 1544 passionum,

343 1569 551 1603 utrorumque
569 1559 635 1591 vim
659 1558 880 1598 terminorum,
904 1558 1079 1592 modorum
1102 1559 1328 1602 proportiones
1351 1567 1383 1592 et
1405 1570 1445 1592 ex
1467 1558 1536 1592 istis

341 1617 546 1651 resultantem
581 1616 788 1660 copulationis
827 1617 1072 1660 congruitatem,
1105 1616 1261 1661 probandi
1293 1628 1330 1651 ac
1361 1615 1536 1660 repellendi

342 1676 504 1719 periciam,
530 1674 684 1708 suadendi
716 1674 980 1719 dissuadendique
1016 1675 1195 1709 doctrinam
1227 1684 1260 1709 et
1290 1674 1474 1710 facultatem
1503 1683 1536 1709 et

344 1744 477 1766 omnem
508 1732 687 1776 disputandi
721 1731 945 1776 iudicandique
977 1734 1144 1767 scientiam
1177 1733 1291 1768 edocet
1321 1742 1354 1767 et
1386 1732 1535 1768 intendit.

344 1790 538 1834 quadruplex
573 1799 680 1824 autem
712 1802 814 1834 genus
848 1791 981 1824 alterum
1017 1791 1326 1825 demonstrationem
1358 1801 1536 1830 assumam,

345 1848 581 1882 multitudinem
604 1849 875 1893 quantitatemque
898 1850 1047 1883 rimatur:
1072 1850 1159 1883 illam
1182 1850 1366 1894 simpliciter
1387 1858 1420 1884 et
1441 1858 1537 1894 prout

345 1906 439 1940 unius
470 1906 510 1939 ad
539 1906 672 1940 alterum
705 1906 849 1940 relativas
873 1908 1098 1952 proportiones
1122 1907 1229 1949 habet,
1250 1908 1318 1942 sive
1339 1917 1436 1953 prout
1457 1919 1536 1942 con-

401 2033 436 2055 ¹7·
450 2025 480 2049 L¹
496 2027 632 2050 Viennensis
690 2034 724 2056 ¹9·
739 2027 769 2049 L¹
784 2028 936 2057 quadruvium
1004 2035 1044 2056 24.
1057 2028 1088 2051 L¹
1102 2030 1133 2052 dd
1147 2030 1192 2053 due
1206 2032 1266 2055 901oe
1279 2030 1423 2060 disputandiff
1437 2037 1476 2054 m
1489 2037 1537 2054 Μ

337 2067 373 2095 su
387 2067 525 2090 cancellato.

345 2181 424 2207 fedeli
439 2181 471 2208 ed
485 2187 571 2209 errate
586 2182 690 2209 sossero
704 2182 746 2210 del
762 2188 834 2210 resto
850 2189 917 2211 tutte
962 2191 1050 2212 merto
1069 2185 1232 2219 Claudiano,
1251 2193 1326 2222 prete
1349 2186 1419 2214 della
1443 2186 1536 2215 chien

346 2229 439 2259 queste
449 2224 830 2252 traduzionimedievalidelle
838 2234 917 2261 opere
963 2227 989 2254 di
1007 2227 1123 2261 Vienna,
1141 2228 1193 2255 che
1217 2228 1256 2263 gli
1279 2237 1366 2255 aveva
1389 2227 1504 2256 dedicati
1525 2228 1536 2255 i

346 2266 524 2293 aristoteliche
537 2267 669 2294 dimostrb
682 2267 918 2303 eloquentemente
963 2270 1023 2296 suoi
1050 2270 1110 2297 libri
1134 2270 1174 2298 De
1187 2274 1254 2298 statu
1271 2271 1378 2299 animae.
1417 2270 1460 2298 Cf.
1479 2270 1537 2298 Gn

347 2307 366 2334 il
383 2308 476 2336 anu
495 2309 537 2335 ne'
556 2309 627 2336 Dial.
647 2309 679 2336 ad
693 2309 758 2337 Patr.
775 2310 856 2337 Histr.
875 2311 917 2338 ed.
963 2315 992 2342 S,
1011 2316 1148 2343 Apoum.
1167 2315 1284 2343 Smonn
1298 2315 1428 2351 Epistulae
1441 2319 1465 2343 ιε
1478 2323 1536 2343 ειν-

347 2349 452 2382 Κίῐῠθῐ,
471 2350 491 2382 Ῑ,
512 2350 543 2377 18
561 2359 620 2386 sgg·
962 2358 1042 2390 mina,
1060 2358 1101 2385 ed.
1117 2357 1298 2393 Luetjohanu,
1311 2357 1440 2391 Ber-oliui,
1456 2357 1536 2392 1887,

384 2399 533 2433 (1)Allude
546 2399 590 2426 all’
600 2400 714 2435 epistola
725 2401 805 2436 piena
820 2401 918 2436 d’iper-
962 2399 1007 2427 lib.
1025 2400 1073 2433 IV,
1089 2408 1130 2436 ep.
1145 2408 1185 2434 111,
1205 2408 1220 2427 e
1236 2400 1269 2428 cf.
1281 2408 1347 2436 pure
1361 2405 1446 2427 mo
1457 2399 1535 2435 libro,

349 2439 456 2467 boliche
474 2441 530 2468 lodi
545 2442 639 2469 diretta
654 2442 687 2469 da
703 2442 817 2471 Sidonio
831 2452 846 2470 a
859 2443 917 2470 Ma·
962 2451 1004 2478 ep.
1022 2451 1061 2471 xl.

1563 925 1603 951 10

1564 1215 1603 1250 15

1561 1505 1606 1531 20

1562 1798 1604 1832 25
