1682 2762
92 857 131 882 10

93 1237 130 1270 ¹5

87 1519 131 1544 20

422 235 470 262 DI
501 233 764 263 COLUCCIO
797 232 1070 261 SALUTATI.
1282 224 1346 268 245

158 359 182 391 si
207 357 399 392 dixerimus:
423 369 541 402 magna
565 369 635 402 pars
658 358 724 392 vite
747 357 879 391 elabitur
902 357 986 390 male
1009 357 1187 401 agentibus,
1206 357 1348 391 maxima

158 414 255 449 nichil
278 415 456 459 agentibus,
473 425 539 449 tota
559 415 624 449 vita
639 415 723 448 aliud
739 414 917 459 agentibus.
963 414 1181 448 rationabilius
1197 414 1347 459 equidem
1374 418 1587 473 fflggigggogipffiffl

158 481 206 506 est
229 483 247 505 a
269 473 409 517 positivo
432 473 621 517 principium
637 472 739 506 facere
755 484 895 517 moxque
914 472 1080 506 sublimius
1094 472 1266 506 ascendere
1282 482 1348 506 tan-
1374 472 1586 545 §j‘fissoffigggffiss

1375 531 1398 546 or
1413 526 1446 545 ine
1457 525 1495 546 che
1505 532 1548 546 nou
1555 531 1587 546 tu-

159 528 297 574 demque
320 539 426 564 totum
448 530 536 575 quod
565 531 668 575 agitur
691 531 833 575 exsequi,
852 540 951 574 quam
980 529 1092 563 ordine
1121 529 1305 574 perturbato
1329 541 1348 562 a
1375 551 1564 577 πωπω.

159 588 298 622 culmine
315 599 421 622 rerum
439 588 607 622 exordium
626 587 820 622 assumendo
838 597 957 632 petere,
972 587 1060 632 quod
1083 587 1233 622 infimum
1253 597 1300 622 est
1315 597 1348 622 et

158 645 342 679 immediate
365 646 452 690 quod
471 646 582 680 omnia
594 646 756 680 contineat
767 654 799 680 et
810 654 947 680 transeat
958 644 1159 690 expedire(¹).
1206 657 1265 680 nec
1284 645 1347 679 hoc

159 701 302 745 dixerim,
325 703 413 748 quod
432 715 500 739 non
522 713 687 749 propterea
710 704 801 738 liceat
822 703 874 737 illa
897 702 1106 746 confundere,
1123 703 1215 738 sicuti
1238 713 1347 738 noster
1374 706 1586 761 {Zssimssass'g'ii'

158 761 275 795 Maro:

369 806 506 843 Principio
525 806 616 834 celum
633 812 661 834 et
678 813 777 834 terram
795 814 963 842 camposque
981 805 1113 842 liquentes

369 856 571 893 Lucentemque
590 857 700 893 globum
719 856 783 885 lune
802 855 965 892 Titaniaque
981 861 1053 882 astra

369 905 485 941 Spiritus
503 906 576 933 intus
595 905 643 933 alit
660 905 706 933 (³).

157 1013 189 1038 et
210 1004 306 1048 paulo
325 1015 416 1051 post:

371 1082 442 1110 Hinc
461 1083 604 1111 hominum
623 1084 810 1120 pecudumque
829 1092 914 1120 genus
931 1083 1039 1120 viteque
1053 1083 1195 1111 volantum

370 1131 403 1159 Et
421 1141 474 1169 que
492 1141 648 1161 marmoreo
666 1133 718 1161 fert
737 1139 859 1162 monstra
878 1134 927 1161 sub
947 1141 1048 1169 equore
1063 1140 1163 1169 pontus
1173 1133 1217 1161 (³).

158 1231 215 1266 sed
242 1241 343 1267 metra
369 1233 578 1270 scribentibus
601 1235 702 1270 multa
724 1235 830 1278 licent,
853 1248 917 1281 que
935 1236 1066 1281 quidem
1095 1237 1129 1270 in
1153 1236 1220 1270 aliis
1243 1247 1347 1281 repre·
1376 1240 1395 1260 ¹¹
1414 1239 1469 1267 muli
1490 1240 1502 1260 ὲ
1522 1239 1586 1260 ¹⁶:¹20

1376 1273 1386 1286 ι
1412 1273 1447 1287 uo
1465 1267 1499 1287 cio
1514 1267 1552 1287 che
1568 1267 1586 1287 εἰ

159 1290 358 1334 henduntur3
388 1292 474 1327 unde
497 1293 611 1328 Cicero
634 1303 744 1328 noster
773 1295 919 1329 ordinem
950 1306 1080 1329 servans
1104 1295 1165 1329 ait:
1189 1306 1226 1328 ac
1249 1295 1349 1329 semel
1376 1293 1522 1314 '’fflfflmbb‘
1531 1299 1586 1320 Vm·

1375 1326 1400 1341 ιο
1414 1319 1460 1340 altri
1470 1320 1571 1341 scrittori.

157 1349 288 1394 quidem
302 1349 404 1396 decipi
419 1352 664 1387 incommodum
678 1362 735 1395 est,
749 1353 891 1388 secundo
913 1354 1058 1395 stultum,
1084 1354 1178 1388 tertio
1200 1363 1291 1398 turpe
1302 1354 1347 1387 (⁴).

157 1417 282 1442 secutus
312 1418 344 1443 et
374 1410 526 1455 Virgilius
559 1421 607 1445 est
641 1411 799 1454 ordinem,
836 1412 997 1457 Georgi
1008 1423 1054 1446 cu
1065 1424 1099 1446 tn
1138 1423 1266 1446 carmen
1301 1412 1347 1446 in·

158 1466 299 1510 cipiens:

369 1521 444 1554 Quid
462 1522 544 1550 saciat
562 1523 630 1551 letas
648 1530 763 1560 segetes,
781 1533 835 1560 quo
854 1525 943 1552 sidere
961 1530 1060 1552 terram

368 1569 488 1604 Vertere,
505 1571 642 1605 Mecenas,
662 1572 797 1609 ulmisque
816 1573 964 1608 adiungere
982 1573 1050 1600 vites

368 1618 530 1653 Conveniat,
550 1629 602 1656 que
621 1629 684 1648 cura
703 1621 795 1655 boum,
815 1622 873 1657 quis
893 1621 979 1648 cultus
998 1621 1124 1648 habendo

369 1666 410 1694 Sit
424 1669 525 1704 pecori,
544 1669 638 1706 apibus
657 1676 757 1707 quanta
775 1671 939 1706 experientia
959 1670 1046 1705 parcis

369 1715 440 1744 Hinc
459 1725 556 1745 canere
570 1717 697 1754 incipiam
709 1718 752 1746 (5).

214 1833 232 1849 1.
249 1825 402 1850 veina-imus
466 1834 512 1851 i-a.
527 1828 565 1851 Me
573 1830 657 1851 aniene
666 1828 763 1852 maxima
773 1840 783 1846 —
793 1830 911 1858 agentibus
971 1835 991 1852 ι.
1002 1829 1020 1852 Ι.
1030 1835 1085 1852 recu
1095 1833 1143 1852 tota
1153 1841 1165 1847 —
1174 1829 1294 1859 agentibus
1303 1836 1348 1859 ag-

157 1866 245 1895 eiurato
255 1867 280 1888 tu
290 1867 408 1895 margine.
463 1874 485 1897 5.
500 1867 520 1890 P
531 1867 642 1891 infinitum
695 1868 717 1892 ⁶.
738 1868 790 1891 Vin
804 1868 921 1892 medietate
968 1868 1014 1891 ΥΡ
1024 1869 1127 1898 expedite
1181 1875 1204 1897 7.
1219 1867 1255 1892 Μ’
1269 1869 1288 1891 Υ
1299 1875 1348 1898 pre-

157 1905 292 1930 taen-lm
331 1905 509 1931 omae-ient
575 1907 791 1938 9.Ll.sPVVR
803 1912 874 1932 ten-u
941 1914 976 1932 11.
989 1907 1147 1938 L²doponlit
1161 1909 1291 1938 aggiuge
1304 1909 1347 1932 ac.

161 1952 197 1975 ¹⁴·
212 1945 248 1968 Μ’
259 1947 294 1969 fer
348 1953 384 1976 15.
398 1946 435 1970 Μ’
449 1950 534 1970 onem
548 1948 640 1977 quidem
695 1947 729 1971 16.
750 1948 769 1971 Υ
778 1951 864 1971 omem
877 1955 904 1971 a:
960 1948 992 1972 18.
1007 1947 1042 1971 Μ’
1059 1949 1078 1971 V
1089 1955 1134 1972 sec.
1149 1954 1183 1971 est
1196 1949 1261 1978 Vin-g.
1278 1951 1348 1971 ornet-

158 1987 226 2010 tendo
239 1991 261 2010 et
296 1986 334 2009 Μ’
348 1987 423 2016 ripeoe
434 1988 479 2017 pot
490 1988 533 2010 dne
545 1989 607 2011 volte
621 1992 654 2011 eet
695 1988 732 2011 ue
745 1991 831 2011 omme
844 1989 945 2011 ordinem
982 1988 1018 2011 w
1030 1995 1075 2018 per
1087 1989 1171 2018 Georg.
1187 1995 1256 2012 cerm.
1271 1990 1348 2012 serm

157 2026 284 2057 georgium
347 2034 382 2051 η.
398 2029 480 2058 boum]
499 2029 519 2051 V
531 2030 614 2052 cubum
632 2029 685 2058 (alc)
749 2035 786 2059 ²³·
801 2027 831 2051 l)
846 2029 971 2059 apibusque
1007 2029 1044 2052 Me
1057 2033 1125 2060 atque
1139 2036 1175 2059 ap.
1217 2028 1254 2052 Μ’
1268 2030 1348 2058 pauci·

161 2067 180 2090 V
190 2073 254 2096 perae
268 2069 321 2096 (tic)
390 2075 428 2098 ²5.
442 2067 472 2092 l)
486 2068 525 2092 hin
541 2069 594 2097 (σέο)
635 2069 698 2099 Depo
712 2068 781 2098 incip.
795 2067 826 2091 Β
837 2076 899 2098 pone
911 2071 952 2092 ke.

191 2175 235 2212 (ι)
253 2176 323 2205 Tale
341 2185 398 2205 non
419 2179 434 2205 e
455 2179 532 2214 pero,
549 2178 666 2206 sebbene
684 2178 727 2206 eol
771 2183 841 2206 testo
858 2178 904 2206 nel
925 2178 954 2205 1⁰
971 2186 997 2205 v.
1018 2187 1033 2203 ι
1046 2186 1078 2205 ac
1092 2187 1106 2203 n
1125 2185 1174 2213 per
1193 2186 1208 2202 α
1221 2183 1249 2204 et
1260 2187 1285 2205 ι.

157 2224 251 2246 nostro
269 2218 456 2247 s'aceordasse
480 2228 580 2247 ancora
604 2219 728 2254 Erasmo,
808 2220 851 2256 (3)
870 2220 959 2248 Vane.
979 2220 1042 2247 Aen.
1060 2219 1108 2252 Vl,
1128 2219 1245 2255 728-293
1263 2227 1309 2246 ma
1327 2218 1347 2246 il

157 2260 176 2287 1’
185 2262 278 2289 awiso
304 2261 346 2289 de'
364 2262 448 2290 critici
473 2262 607 2296 moderni,
624 2263 632 2290 i
655 2262 727 2299 quali
772 2268 842 2290 testo
861 2261 907 2289 nel
929 2263 954 2289 1⁰
972 2270 998 2289 v,
1018 2261 1111 2289 «Inde
1125 2271 1149 2288 »-

158 2303 291 2339 sogliono,
310 2304 449 2340 seguendo
472 2304 482 2331 i
504 2313 577 2339 mss.¹
599 2313 727 2342 preporre
807 2305 851 2339 (4)
867 2304 930 2332 Cic·
945 2304 985 2332 Da
999 2303 1129 2336 invent-1,
1147 2310 1312 2336 xxx1x;ma
1326 2301 1346 2329 il

160 2346 543 2384 «maximnaamagnn.
772 2344 1346 2374 teneda-‹iterumnnon-oeeundo».

194 2386 237 2422 (a)
255 2387 346 2416 Vno.
361 2389 425 2417 Aac„
443 2388 492 2422 Vl,
510 2388 630 2424 7²4·²⁶;
645 2397 691 2416 ma
709 2388 729 2416 il
808 2388 850 2424 (5)
869 2388 958 2416 Vno.
979 2387 1069 2424 Gaorg.
1087 2387 1109 2422 1,
1131 2395 1187 2422 1-5-
