1682 2762
115 369 168 390 della
190 376 240 390 cura
258 369 295 389 che
310 369 329 389 ei

115 397 181 417 dovrt
209 403 269 423 pon-e
293 402 329 423 per

114 425 189 444 riuncir
196 423 278 444 valente
287 422 329 443 nel-

117 451 179 471 l'erte
203 450 258 470 dello
281 450 329 470 scri-

115 484 176 498 vere:
202 484 213 497 n
237 478 271 497 cib
295 477 329 504 piu

116 505 176 525 ehei
195 504 281 531 precetti
301 503 329 531 gli

131 532 202 552 iovera
223 531 255 551 del
273 536 328 551 resto

125 558 239 586 'iugegnm

138 599 173 619 Gli
179 599 265 619 rinnon
270 599 328 625 quin-

116 626 136 646 di
152 626 171 646 le
186 630 278 653 preneste
289 625 330 645 del-

117 653 137 673 la
155 659 191 673 ιιιι
210 653 286 673 devota
300 651 329 672 af-

116 679 212 704 fezione;

117 896 139 916 lo
158 901 228 916 emrt-
250 903 262 916 ι
282 897 330 916 scri-

117 923 182 950 vergli
195 930 275 950 speum.
287 930 331 951 per-

118 950 225 998 2¹:523:ss
245 950 331 997 ‘'e‘fessssi

118 1005 163 1028 zio:
179 1004 220 1032 egli
230 992 332 1037 ,ἰίιὶηιιφ-

118 1032 163 1079 iffi
176 1031 236 1086 253¹
246 1031 331 1079 αῗίιξῖἰέἶ

145 1192 173 1213 Di
197 1193 287 1213 scrivere
310 1193 331 1213 in

118 1219 183 1239 difeu
197 1219 229 1239 del
251 1219 332 1239 Petrnr-

118 1253 149 1271 ει,
172 1253 231 1267 come
253 1246 295 1273 egli
310 1246 331 1267 lo

118 1280 181 1320 greg·
195 1273 215 1293 di
227 1273 278 1295 fare.
289 1280 331 1294 non

133 1307 144 1321 ι
159 1301 290 1325 intenzione;

119 1374 161 1388 uon
169 1367 256 1388 snrebbe
265 1367 332 1387 disant

118 1395 220 1422 prudenza
241 1394 332 1415 combut-

118 1427 162 1442 ιιι-ε
183 1421 234 1442 delle
255 1428 330 1442 accuse

119 1448 158 1469 che
166 1454 207 1468 non
215 1455 268 1469 sono
278 1453 332 1468 ame

119 1475 207 1496 landate
225 1482 247 1496 se
263 1482 305 1496 non
320 1482 332 1495 ι

118 1509 177 1523 voce.

146 1542 236 1566 Quando
248 1549 283 1569 per
298 1549 332 1563 nv-

119 1574 206 1589 ventura
221 1569 251 1596 gli
261 1576 330 1590 avver-

119 1597 158 1616 uri
168 1596 200 1616 del
211 1601 272 1623 poeta
285 1596 333 1616 l'nt-

119 1628 235 1656 accessero
258 1630 294 1651 per
316 1624 332 1644 i-

120 1656 203 1675 scruto,

119 1717 186 1738 allor-
199 1718 217 1738 sl
232 1718 271 1738 che
288 1724 333 1738 aor-

119 1745 169 1772 geri
183 1750 258 1772 promo
271 1751 283 1765 ι
293 1745 332 1765 rin-

107 1777 189 1792 ·tuzznr
205 1771 224 1792 la
238 1771 285 1792 loro
304 1777 332 1792 te-

119 1799 199 1819 merita.

147 1892 177 1912 Lo
192 1899 254 1920 pregn
268 1899 279 1912 ι
293 1892 333 1913 tol-

120 1919 184 1939 let-re
198 1919 227 1947 gli
249 1920 333 1947 nppunti

120 1946 184 1967 mosei
199 1946 239 1967 nlla
249 1953 286 1967 sun
296 1946 334 1966 let-

119 1978 163 1993 ten
183 1974 208 1993 ed
223 1980 235 1993 n
252 1973 283 1994 ser
304 1978 333 1993 te-

119 2006 168 2020 soro
183 2000 238 2027 degli
254 2007 334 2021 nmmo·

119 2027 207 2074 gimenti
219 2028 257 2048 che
268 2027 297 2055 gli
307 2027 334 2047 h-

146 2059 176 2075 20.

359 229 425 270 614
795 230 1142 259 EPISTOLARIO

358 360 571 405 patefacerem
595 368 627 392 et
650 358 688 391 ad
712 366 798 391 recte
822 355 1028 391 scribendum
1052 355 1215 400 quandam
1239 356 1369 389 ianuam
1399 355 1566 400 aperirem,

358 431 423 464 quo
456 430 512 463 per
543 427 575 451 te
607 417 710 461 possis
733 417 767 450 in
792 415 853 449 alia
885 415 1044 448 diviniora
1067 424 1100 448 et
1123 414 1228 458 magis
1259 413 1357 448 ardua
1389 422 1566 458 penetrare.

358 478 456 522 longe
480 477 570 522 plura
593 475 724 521 quidem
749 475 872 519 ingenii
903 473 1047 508 bonitate
1071 473 1265 518 percipimus
1292 484 1391 517 quam
1422 471 1568 507 doctrina

359 537 408 570 vel
433 535 580 569 lectionis
604 534 726 568 auxilio
750 534 925 578 capiamus.

425 594 522 628 Nunc
559 602 668 627 autem
692 591 732 626 ad
755 601 810 625 tua
835 590 975 624 veniam.
1023 589 1181 635 principio
1209 589 1341 634 quidem
1369 598 1401 623 te
1429 590 1567 624 certissi-

359 664 451 686 mum
475 663 545 686 esse
569 651 667 685 velim
699 662 752 684 me
783 649 988 684 nobilitatem
1019 658 1121 689 tuam,
1145 648 1172 682 si
1195 647 1261 681 fors
1285 648 1418 682 alicuius
1439 647 1472 682 id
1497 659 1568 682 mo-

359 711 460 744 menti
492 710 615 751 feceris,
642 709 760 742 obnixe
791 707 936 752 diligere,
959 708 1039 748 imo,
1063 706 1151 751 quod
1183 706 1323 740 divinius
1355 715 1415 747 est,
1447 717 1566 740 amare.

359 779 528 815 paternum
553 778 662 802 autem
681 778 713 802 et
729 766 957 801 hereditarium
975 774 1024 800 est
1043 765 1109 806 tibi,
1125 764 1213 810 quod
1233 776 1297 806 me,
1318 765 1411 799 sicuti
1434 765 1568 799 sanctis-

359 829 459 862 simus
482 837 571 873 pater
594 837 680 868 tuus,
705 827 738 860 in
763 826 905 860 amicum
925 824 1053 859 habeas.
1099 823 1188 869 quod
1209 835 1284 858 cum
1300 823 1477 868 pollicearis
1496 835 1567 868 gra-

358 887 445 921 tulor
460 896 493 920 et
509 895 651 931 accepto,
671 885 760 930 quod
777 897 830 918 me
846 893 1037 929 perpetuum
1053 892 1180 928 reputes
1197 885 1278 917 inter
1293 891 1366 916 tuos
1376 882 1421 916 (¹).
1469 882 1568 917 velim

359 946 455 980 etiam
468 945 555 990 quod
573 944 683 979 crebro
696 943 795 978 michi
815 943 944 984 scribas,
957 952 992 976 ut
1008 951 1040 976 te
1057 953 1216 982 exerceas,
1230 951 1265 976 ut
1281 950 1312 975 te
1325 941 1449 986 possim
1464 942 1568 975 amice

360 1007 528 1051 corrigere,
544 1006 653 1050 sicque
670 1006 838 1049 contingat
862 1014 893 1038 te
917 1003 1056 1038 dicendo
1079 1002 1223 1048 quotidie
1247 1002 1351 1036 facere
1375 1001 1567 1037 doctiorem.

360 1067 456 1111 cupio
479 1075 622 1110 preterea
648 1065 736 1110 quod
759 1066 786 1099 si
810 1064 888 1109 quid
912 1063 1107 1098 dubitaveris
1123 1062 1308 1107 expostules
1323 1061 1485 1096 declarari.
1530 1061 1568 1096 li-

360 1124 547 1158 bentissime
571 1122 714 1167 quidem,
740 1131 898 1167 quantum
921 1122 1059 1161 scivero,
1076 1119 1134 1154 tibi
1159 1131 1287 1153 morem
1310 1130 1433 1164 geram.

427 1182 607 1216 Scriberem
630 1181 664 1215 in
689 1181 791 1215 nostri
817 1181 965 1214 Petrarce
989 1179 1226 1219 defensionem,
1250 1179 1332 1212 sicut
1354 1177 1448 1212 avide
1471 1178 1567 1222 petis,

359 1243 386 1276 si
410 1241 493 1275 foret
516 1240 701 1286 expediens,
727 1250 758 1274 et
776 1240 821 1274 illi
847 1240 917 1280 viri,
941 1250 1024 1284 quos
1049 1249 1289 1272 commemoras
1320 1238 1452 1282 quique,
1476 1237 1503 1270 si
1527 1236 1567 1271 de

360 1302 531 1336 Francisco
552 1310 662 1335 nostro
679 1300 764 1334 male
783 1299 938 1339 sentiunt,
962 1299 1058 1332 nimis
1083 1307 1199 1337 errant,
1223 1297 1359 1331 scribere
1378 1295 1456 1342 quid
1480 1307 1569 1330 mor-

361 1359 457 1394 deant
481 1359 693 1393 conabuntur.
741 1357 818 1391 nolo
843 1356 976 1402 quidem
1001 1355 1170 1389 maledicta
1198 1355 1309 1389 litteris
1331 1354 1487 1395 refellere,
1505 1365 1569 1399 que

360 1417 411 1451 vel
439 1417 506 1451 sola
534 1416 708 1461 negatione
743 1415 794 1449 vel
824 1414 975 1448 facillima
1007 1413 1261 1447 commutatione
1292 1421 1424 1457 possent
1453 1410 1569 1446 elidere

361 1488 476 1521 meque
500 1476 689 1510 temeritatis
713 1484 745 1509 et
769 1474 930 1508 calumnie
953 1471 1184 1507 rationabiliter
1207 1482 1367 1506 accusare.
1413 1471 1440 1504 si
1465 1459 1569 1504 verbis

359 1534 535 1575 insaniunt,
560 1533 665 1567 verbis
689 1531 854 1566 refellendi
877 1541 971 1572 sunt;
996 1530 1046 1564 sin
1071 1539 1180 1564 autem
1214 1528 1351 1563 scribere
1380 1539 1475 1573 super
1506 1527 1570 1561 hoc

361 1593 502 1637 aggressi
517 1591 644 1632 fuerint,
661 1603 700 1625 ex
717 1602 803 1625 nunc
819 1601 876 1635 pro
892 1589 1013 1623 viribus
1031 1589 1192 1622 Francisci
1212 1588 1313 1622 nostri
1334 1598 1387 1621 me
1407 1585 1570 1621 vindicem

360 1651 500 1685 sentient
517 1659 548 1684 et
564 1661 689 1690 eorum,
706 1660 769 1694 que
789 1649 897 1682 minus
914 1647 996 1682 bene
1018 1646 1167 1687 dixerint,
1181 1645 1459 1692 reprehensorem,
1470 1654 1508 1679 ut
1525 1645 1570 1678 sic

361 1721 476 1743 omnes
489 1708 613 1753 possint
629 1708 711 1741 inter
725 1707 797 1741 illos
811 1715 843 1740 et
858 1718 911 1740 me
927 1706 999 1750 quis
1012 1706 1118 1739 verius
1133 1705 1292 1749 scripserit
1306 1696 1468 1738 iudicare-⁸
1491 1712 1570 1737 tunc

361 1768 449 1801 enim
473 1776 587 1811 agetur
611 1778 677 1800 non
701 1765 904 1800 evolantibus
924 1764 1039 1804 verbis,
1059 1763 1115 1797 sed
1139 1763 1230 1808 quasi
1254 1762 1369 1797 tabulis
1392 1761 1570 1806 obsignatis

361 1825 632 1869 manentibusque
651 1824 812 1868 scripturis
831 1822 1015 1857 facultatem
1035 1821 1259 1856 exhibebimus
1277 1820 1442 1855 iudicandi
1450 1820 1496 1854 (²).

427 1883 509 1917 Vale
532 1883 620 1923 felix,
645 1882 777 1916 domine
802 1882 856 1923 mi,
881 1891 914 1915 et
936 1881 1092 1926 patienter
1110 1879 1192 1914 feras
1211 1880 1237 1914 si
1256 1879 1396 1925 quedam
1415 1891 1478 1924 que
1496 1878 1570 1912 scri-

361 1942 459 1986 pseris
474 1940 674 1985 reprehendi,
690 1951 750 1973 nec
769 1939 914 1984 negligas
930 1950 967 1972 ea
982 1950 1046 1983 que
1061 1937 1198 1972 fideliter
1209 1937 1325 1983 collegi
1345 1937 1453 1972 solum
1467 1936 1570 1982 gratia

361 2008 392 2033 te
416 1998 582 2032 monendi.
630 1997 802 2038 Florentie,
826 1997 927 2042 pridie
951 2008 1054 2030 nonas
1078 1995 1266 2030 decembris

419 2098 436 2114 ι.
453 2090 486 2114 N¹
502 2093 587 2113 omem
600 2095 622 2113 et
678 2098 700 2120 3.
717 2089 749 2113 N¹
766 2089 900 2119 perciperim
965 2096 988 2118 5.
1003 2088 1079 2111 L³Me
1091 2091 1210 2111 oneuono
1223 2092 1301 2111 nutem
1365 2088 1389 2110 ⁶.
1405 2085 1439 2110 N‘
1454 2086 1487 2110 da
1499 2086 1524 2110 u
1543 2087 1569 2110 ia

362 2133 489 2155 interlinea
503 2132 627 2160 aggiunto
641 2130 672 2153 da
686 2131 751 2153 altra
767 2137 844 2153 mano.
902 2137 938 2152 ιο.
954 2128 987 2152 N¹
1002 2136 1049 2159 quo
1107 2136 1144 2157 ¹⁴·
1161 2129 1227 2151 Nello
1239 2129 1330 2151 scr-iver
1344 2130 1370 2151 la
1379 2128 1467 2157 pamla
1479 2127 1570 2150 edm

362 2174 381 2195 il
389 2173 480 2202 copista
490 2173 516 2195 di
522 2171 555 2195 N¹
564 2178 638 2195 aveva
648 2171 750 2201 confuso
759 2172 776 2194 1¹
782 2179 794 2194 e
803 2170 874 2193 coll'r
884 2177 898 2193 e
907 2171 1017 2193 riu-risse
1026 2170 1111 2199 quinae·
1118 2172 1203 2198 questa
1212 2170 1296 2191 lettera
1303 2169 1332 2191 a!
1338 2169 1444 2197 dioopm.
1497 2167 1530 2190 16.
1538 2165 1568 2190 l)

362 2214 400 2236 Me
414 2214 472 2236 forte
547 2213 580 2236 18.
595 2211 625 2234 l)
635 2213 672 2235 Me
687 2212 758 2234 resen.
773 2211 816 2235 lin.
889 2217 924 2240 ¹9-
940 2209 973 2233 N¹
988 2213 1073 2233 omeue
1088 2210 1107 2232 il
1119 2210 1198 2239 primo
1213 2209 1249 2232 vel
1316 2215 1354 2238 ²3·
1368 2207 1399 2231 ἱ)
1414 2213 1570 2237 rememorem

362 2256 399 2277 Me
412 2257 497 2277 omette
511 2254 544 2277 sic
600 2254 637 2277 28.
654 2254 691 2276 Me
705 2255 792 2276 omene
807 2252 903 2275 fideliter

397 2335 441 2371 (1)
461 2334 504 2363 Cf.
533 2334 578 2361 lib.
601 2334 662 2367 V11,
687 2342 728 2370 ep.
754 2341 799 2366 1x;
828 2332 864 2366 11,
889 2332 938 2367 283
986 2332 1082 2359 dtemo
1093 2331 1178 2358 difatti
1190 2339 1243 2358 con
1258 2330 1396 2366 giovanile
1415 2329 1513 2358 ardore
1522 2337 1569 2365 ap-

361 2388 418 2414 sgg.
988 2374 1112 2411 prestarsi
1135 2373 1335 2401 l'ultim’anno
1361 2373 1388 2400 di
1417 2381 1466 2400 sua
1495 2371 1568 2405 vitm

398 2421 440 2456 (2)
460 2420 520 2448 Alla
538 2419 625 2447 difesa
643 2419 687 2447 del
705 2419 832 2447 Petrarca
851 2418 879 2446 lo
898 2426 944 2445 ve·
989 2417 1023 2444 cf.
1043 2417 1088 2444 lib.
1103 2416 1179 2450 XIV,
1197 2425 1240 2451 ep.
1253 2423 1311 2444 ιιι.

1601 892 1640 916 10

1600 1186 1640 1220 ¹5

1597 1773 1638 1807 25
