1708 2774
360 289 402 321 26
774 282 1114 314 EPISTOLARIO

361 342 1543 364 Η

358 420 445 455 debis
468 431 535 452 non
553 419 598 451 sic
619 415 838 461 precipitanter
865 411 904 445 de
928 410 1002 444 viris
1031 408 1092 442 illis
1122 405 1315 452 principibus
1346 404 1430 438 male
1461 403 1544 438 iudi-

359 477 496 512 candum
505 487 512 509 z

987 517 1118 548 gentesne
1136 510 1258 537 furorem

565 566 723 602 Hesperium
742 565 841 600 ignote,
861 569 1026 597 romanaque
1045 560 1121 596 signa
1140 563 1295 594 sequentur,

564 615 732 650 Deductique
749 612 822 640 fretis
841 612 896 639 alio
911 611 958 637 sub
978 609 1064 636 sidere
1078 607 1177 643 reges?
1572 610 1590 643 5

566 665 631 692 Otia
650 663 724 690 solus
744 661 842 698 agam?
879 658 975 696 procul
993 659 1066 685 hunc
1086 663 1176 683 arcete
1194 654 1324 687 furorem,

565 714 591 741 Ο
611 713 698 748 superi
716 711 765 739 ἃς.

354 803 415 836 que
439 789 709 835 splendidissimus
728 787 779 821 ille
802 784 1019 821 Cordubensis
1043 783 1133 816 locus
1157 780 1305 815 habetm.
1346 789 1379 813 et
1400 778 1498 813 infra:

898 868 957 893 nec,
976 859 998 886 si
1013 858 1121 885 fortuna
1140 856 1249 889 favebit,

566 915 644 941 Hunc
662 921 771 949 quoque
789 912 871 939 totius
887 911 938 938 sibi
956 910 996 936 ius
1016 909 1171 944 promittere
1190 906 1285 933 mundi
1577 910 1617 934 10

565 963 627 989 Non
642 962 710 988 bene
727 965 894 996 compertum
913 963 966 985 est:
985 957 1046 997 ideo
1065 965 1110 983 me
1130 955 1215 982 milite
1230 955 1331 987 vincat,

565 1011 606 1038 Ne
625 1011 674 1038 sibi
692 1019 719 1037 se
738 1009 834 1036 vicisse
852 1013 926 1044 putet
933 1007 975 1034 (2).

357 1088 419 1121 hoc
442 1099 508 1121 non
532 1087 638 1120 solum
673 1086 832 1120 Catonem
859 1092 952 1127 atque
977 1082 1110 1115 Brutum
1133 1080 1166 1113 in
1191 1088 1291 1113 castra
1315 1079 1473 1113 contraria
1495 1089 1545 1112 se·

120 1165 132 1179 e
153 1158 332 1186 qum'nltripre—
357 1146 514 1185 cedentes,
537 1144 592 1178 sed
625 1155 738 1177 omnes
767 1143 841 1176 hinc
872 1141 946 1174 inde
978 1139 1060 1173 illius
1091 1138 1164 1172 belli
1193 1138 1351 1182 principes
1378 1137 1547 1171 intuentur

120 1185 329 1233 ἷῗνῖἷοηὲἷέιιῗειιοω
357 1214 449 1248 atque
465 1211 670 1236 concernunt.
705 1212 765 1234 nec
784 1200 954 1233 obscurum
971 1206 1018 1231 est
1034 1196 1073 1231 ad
1090 1197 1242 1231 Cesarem
1259 1195 1343 1240 apud
1362 1194 1546 1228 Emathiam
1577 1205 1591 1228 x
1596 1205 1614 1238 5

355 1261 525 1295 inclinante
551 1259 694 1300 victoria,
722 1259 854 1292 Brutum
883 1256 922 1290 de
950 1256 1048 1300 ipsius
1078 1254 1155 1288 cede
1187 1253 1358 1298 cogitasse,
1381 1261 1416 1286 ut
1447 1262 1547 1298 quem

357 1319 488 1352 consilio
512 1318 562 1351 vel
585 1317 727 1362 potentia
742 1328 759 1349 a
774 1314 940 1359 tyrannide
955 1326 988 1347 se
1004 1313 1131 1347 videbat
1153 1311 1323 1357 prohibere
1346 1322 1416 1345 non
1437 1321 1546 1356 posse,

355 1376 438 1410 ferro
465 1377 577 1410 saltem
601 1384 726 1409 arceret.
772 1373 827 1408 sed

564 1454 681 1480 Fortuna
700 1453 872 1488 omnipotens
891 1457 918 1478 et
936 1450 1106 1478 ineluctabile
1124 1449 1212 1476 fatum
1221 1449 1265 1481 (3),

357 1548 390 1572 ut
413 1549 516 1571 rerum
540 1546 672 1571 eventus
695 1536 832 1577 edocuit,
852 1535 1052 1569 obstiterunt.
1099 1534 1158 1568 hec
1175 1534 1208 1568 in
1225 1533 1394 1568 Ciceronis
1412 1543 1546 1567 excusa·
1572 1544 1616 1570 20

355 1598 476 1630 tionem
497 1595 577 1629 dicta
600 1595 672 1628 sint.

148 1663 179 1683 Or
197 1663 238 1690 esu
260 1663 329 1684 :mede
421 1655 516 1688 Nunc
533 1652 571 1686 ad
587 1652 790 1696 hypothesim
803 1660 893 1685 tuam
904 1660 1052 1685 revertar.
1094 1650 1239 1684 sufficere
1256 1649 1357 1684 credis
1369 1659 1401 1683 et
1411 1660 1546 1694 suppor-

122 1689 158 1744 ἷῗῗ
170 1689 329 1737 :ixii-0332:
356 1712 488 1746 tandum
505 1711 658 1744 arbitraris
675 1710 762 1755 quod
778 1710 898 1755 diligas,
915 1721 982 1743 non
999 1709 1039 1743 ad
1055 1709 1267 1753 voluptatem,
1281 1707 1337 1742 sed
1353 1719 1413 1753 pro
1427 1707 1546 1742 mentis

121 1743 180 1763 zione
199 1743 327 1768 dell’animo3

121 1769 329 1816 ffiffffwvffl·
355 1771 558 1809 recreatione,
581 1770 694 1803 reiecta
717 1780 904 1813 quacunque
928 1768 1057 1802 libidine
1081 1768 1192 1801 camis.
1240 1766 1303 1800 hoc
1317 1778 1417 1811 quam
1435 1765 1546 1800 for‘mi-

357 1828 465 1861 danter
494 1827 629 1861 affirmes
656 1827 755 1860 vides.
808 1826 932 1860 solebas
955 1827 1041 1860 hunc
1065 1836 1211 1860 amorem
1234 1834 1327 1859 tuum
1350 1836 1420 1858 rem
1443 1823 1546 1858 hone·
1573 1836 1614 1871 25

356 1886 524 1919 stissimam
549 1885 731 1929 cunctisque
746 1884 875 1929 plenam
890 1884 1058 1919 virtutibus
1077 1884 1261 1928 predicare3
1280 1895 1366 1917 nunc
1382 1893 1462 1917 vero
1477 1893 1546 1917 non

356 1943 502 1984 affirmas,
533 1942 589 1976 sed
621 1942 786 1984 arbitraris,
817 1954 885 1976 non
914 1943 1106 1983 virtuosum,
1128 1942 1185 1976 sed
1207 1941 1437 1983 arbitrandum,
1455 1939 1545 1986 quod

355 2001 455 2034 taliter
477 2011 580 2034 ames:
608 2000 670 2034 hoc
698 2011 764 2033 non
793 2000 891 2034 michi
922 2009 1061 2042 tantum,
1084 2000 1134 2033 cui
1161 1999 1302 2034 rationes
1332 1998 1545 2033 validissimas

356 2059 567 2100 comminaris,
591 2058 646 2091 sed
670 2070 763 2092 cause
791 2067 845 2092 tue
875 2058 1015 2103 patronis
1044 2057 1132 2092 dicis.
1185 2057 1260 2091 licet
1286 2058 1384 2102 igitur
1414 2067 1545 2091 mecum

354 2117 442 2151 aliter
466 2116 648 2156 contendas,
672 2126 779 2150 tecum
803 2117 913 2157 sentis,
935 2117 1072 2161 quanvis
1095 2117 1233 2150 tenuiter
1256 2124 1288 2150 et
1310 2116 1402 2160 quasi
1429 2114 1546 2150 rimula
1573 2128 1616 2162 30

353 2174 500 2219 quadam,
524 2173 631 2215 video,
657 2174 743 2207 illam
775 2185 872 2218 quam
902 2186 1002 2219 negas
1032 2185 1193 2219 quamque
1227 2174 1352 2208 conaris
1385 2172 1545 2207 obducere

406 2286 424 2302 ι.
439 2280 494 2302 Cod.
508 2279 674 2309 precipitantem
741 2287 764 2309 5.
773 2280 826 2303 Cod.
841 2280 882 2303 alis
943 2286 980 2303 πο.
991 2280 1047 2303 Cod.
1061 2281 1198 2303 obsisterunt
1206 2293 1217 2298 -
1225 2280 1314 2303 cesaris
1367 2286 1407 2310 ²9·
1416 2279 1473 2303 God-
1482 2278 1546 2302 dio-

354 2322 453 2342 correuo
467 2321 491 2342 in
505 2319 562 2342 dicis

390 2410 432 2444 (1)
451 2410 520 2438 Luc.
538 2411 624 2438 Phars.
643 2411 677 2444 11,
697 2412 809 2447 292-96.
1003 2411 1151 2448 (3)V1=.RG.
1170 2413 1235 2440 Aa„
1247 2411 1321 2446 vm,
1341 2419 1401 2448 334.

387 2452 429 2487 (2)
448 2453 517 2481 Luc.
535 2454 623 2482 Phars.
640 2454 676 2488 11,
695 2463 812 2491 320-23.
