<?xml version="1.0" encoding="UTF-8"?>
<!DOCTYPE html PUBLIC "-//W3C//DTD XHTML 1.0 Transitional//EN"
    "http://www.w3.org/TR/xhtml1/DTD/xhtml1-transitional.dtd">
<html xmlns="http://www.w3.org/1999/xhtml" xml:lang="en" lang="en">
 <head>
  <title>
</title>
<meta http-equiv="Content-Type" content="text/html;charset=utf-8" />
  <meta name='ocr-system' content='tesseract 3.04.00' />
  <meta name='ocr-capabilities' content='ocr_page ocr_carea ocr_par ocr_line ocrx_word'/>
</head>
<body>
  <div class='ocr_page' id='page_1' title='image "./epistolariodicol17saluuoft_0178.png"; bbox 0 0 1682 2762; ppageno 0'>
   <div class='ocr_carea' id='block_1_1' title="bbox 117 401 333 505">
    <p class='ocr_par' dir='ltr' id='par_1_1' title="bbox 117 401 333 505">
     <span class='ocr_line' id='line_1_1' title="bbox 142 401 333 428; baseline 0 -7"><span class='ocrx_word' id='word_1_1' title='bbox 142 401 213 422; x_wconf 74' lang='lat' dir='ltr'>Dieesi</span> <span class='ocrx_word' id='word_1_2' title='bbox 230 406 306 428; x_wconf 80' lang='lat' dir='ltr'>promo</span> <span class='ocrx_word' id='word_1_3' title='bbox 321 407 333 421; x_wconf 73' lang='lat' dir='ltr'>a</span> 
     </span>
     <span class='ocr_line' id='line_1_2' title="bbox 117 428 333 482; baseline -0.005 -7"><span class='ocrx_word' id='word_1_4' title='bbox 117 428 333 482; x_wconf 54' lang='lat' dir='ltr'>ffissnzziztz‘z&#39;z}</span> 
     </span>
     <span class='ocr_line' id='line_1_3' title="bbox 117 481 329 505; baseline -0.005 -3"><span class='ocrx_word' id='word_1_5' title='bbox 117 482 176 502; x_wconf 59' lang='lat' dir='ltr'>ven-a</span> <span class='ocrx_word' id='word_1_6' title='bbox 196 481 329 505; x_wconf 69' lang='lat' dir='ltr'>denudato,</span> 
     </span>
    </p>
   </div>
   <div class='ocr_carea' id='block_1_2' title="bbox 117 570 331 644">
    <p class='ocr_par' dir='ltr' id='par_1_2' title="bbox 117 570 331 644">
     <span class='ocr_line' id='line_1_4' title="bbox 117 570 330 616; baseline 0.005 -26"><span class='ocrx_word' id='word_1_7' title='bbox 117 576 129 590; x_wconf 87' lang='lat' dir='ltr'>e</span> <span class='ocrx_word' id='word_1_8' title='bbox 143 576 202 597; x_wconf 68' lang='lat' dir='ltr'>spen</span> <span class='ocrx_word' id='word_1_9' title='bbox 213 570 241 616; x_wconf 52' lang='lat' dir='ltr'>qli</span> <span class='ocrx_word' id='word_1_10' title='bbox 249 571 279 591; x_wconf 75' lang='lat' dir='ltr'>sin</span> <span class='ocrx_word' id='word_1_11' title='bbox 288 577 330 597; x_wconf 77' lang='lat' dir='ltr'>per-</span> 
     </span>
     <span class='ocr_line' id='line_1_5' title="bbox 117 597 331 617; baseline 0 0"><span class='ocrx_word' id='word_1_12' title='bbox 117 597 193 617; x_wconf 69' lang='lat' dir='ltr'>donn·</span> <span class='ocrx_word' id='word_1_13' title='bbox 227 604 239 617; x_wconf 74' lang='lat' dir='ltr'>a</span> <span class='ocrx_word' id='word_1_14' title='bbox 267 597 331 617; x_wconf 79' lang='lat' dir='ltr'>confi-</span> 
     </span>
     <span class='ocr_line' id='line_1_6' title="bbox 117 623 330 644; baseline 0.005 -1"><span class='ocrx_word' id='word_1_15' title='bbox 117 623 181 643; x_wconf 75' lang='lat' dir='ltr'>dem</span> <span class='ocrx_word' id='word_1_16' title='bbox 189 630 228 644; x_wconf 83' lang='lat' dir='ltr'>con</span> <span class='ocrx_word' id='word_1_17' title='bbox 236 625 267 644; x_wconf 82' lang='lat' dir='ltr'>cui</span> <span class='ocrx_word' id='word_1_18' title='bbox 278 624 330 644; x_wconf 83' lang='lat' dir='ltr'>siri·</span> 
     </span>
    </p>
   </div>
   <div class='ocr_carea' id='block_1_3' title="bbox 116 650 258 678">
    <p class='ocr_par' dir='ltr' id='par_1_3' title="bbox 116 650 258 678">
     <span class='ocr_line' id='line_1_7' title="bbox 116 650 258 678; baseline 0.007 -8"><span class='ocrx_word' id='word_1_19' title='bbox 116 650 179 678; x_wconf 69' lang='lat' dir='ltr'>volgo</span> <span class='ocrx_word' id='word_1_20' title='bbox 194 657 206 670; x_wconf 76' lang='grc' dir='ltr'>ι</span> <span class='ocrx_word' id='word_1_21' title='bbox 221 650 258 672; x_wconf 84' lang='lat' dir='ltr'>lui.</span> 
     </span>
    </p>
   </div>
   <div class='ocr_carea' id='block_1_4' title="bbox 366 266 428 307">
    <p class='ocr_par' dir='ltr' id='par_1_4' title="bbox 366 266 428 307">
     <span class='ocr_line' id='line_1_8' title="bbox 366 266 428 307; baseline 0.016 -11"><span class='ocrx_word' id='word_1_22' title='bbox 366 266 428 307; x_wconf 89' lang='lat'>164</span> 
     </span>
    </p>
   </div>
   <div class='ocr_carea' id='block_1_5' title="bbox 362 335 494 341">
    <p class='ocr_par' dir='ltr' id='par_1_5' title="bbox 362 335 494 341">
     <span class='ocr_line' id='line_1_9' title="bbox 362 335 494 341; baseline 0 0"><span class='ocrx_word' id='word_1_23' title='bbox 362 335 494 341; x_wconf 95' lang='lat' dir='ltr'> </span> 
     </span>
    </p>
   </div>
   <div class='ocr_carea' id='block_1_6' title="bbox 358 395 506 487">
    <p class='ocr_par' dir='ltr' id='par_1_6' title="bbox 358 395 506 487">
     <span class='ocr_line' id='line_1_10' title="bbox 360 395 506 429; baseline -0.014 0"><span class='ocrx_word' id='word_1_24' title='bbox 360 395 506 429; x_wconf 87' lang='lat' dir='ltr'>habeam.</span> 
     </span>
     <span class='ocr_line' id='line_1_11' title="bbox 358 453 494 487; baseline -0.007 -1"><span class='ocrx_word' id='word_1_25' title='bbox 358 453 494 487; x_wconf 87' lang='lat' dir='ltr'>solvam.</span> 
     </span>
    </p>
   </div>
   <div class='ocr_carea' id='block_1_7' title="bbox 788 269 1129 298">
    <p class='ocr_par' dir='ltr' id='par_1_7' title="bbox 788 269 1129 298">
     <span class='ocr_line' id='line_1_12' title="bbox 788 269 1129 298; baseline 0 0"><span class='ocrx_word' id='word_1_26' title='bbox 788 269 1129 298; x_wconf 89' lang='lat' dir='ltr'>EPISTOLARIO</span> 
     </span>
    </p>
   </div>
   <div class='ocr_carea' id='block_1_8' title="bbox 542 393 1556 497">
    <p class='ocr_par' dir='ltr' id='par_1_8' title="bbox 542 393 1556 497">
     <span class='ocr_line' id='line_1_13' title="bbox 569 393 1556 439; baseline -0.001 -11"><span class='ocrx_word' id='word_1_27' title='bbox 569 406 632 439; x_wconf 89' lang='lat' dir='ltr'>ego</span> <span class='ocrx_word' id='word_1_28' title='bbox 655 393 786 438; x_wconf 88' lang='lat' dir='ltr'>quidem</span> <span class='ocrx_word' id='word_1_29' title='bbox 810 393 907 438; x_wconf 86' lang='lat' dir='ltr'>digna</span> <span class='ocrx_word' id='word_1_30' title='bbox 930 393 1035 437; x_wconf 85' lang='lat' dir='ltr'>precia</span> <span class='ocrx_word' id='word_1_31' title='bbox 1059 405 1115 438; x_wconf 89' lang='lat' dir='ltr'>pro</span> <span class='ocrx_word' id='word_1_32' title='bbox 1139 402 1286 438; x_wconf 88' lang='lat' dir='ltr'>utroque,</span> <span class='ocrx_word' id='word_1_33' title='bbox 1310 393 1391 428; x_wconf 87' lang='lat' dir='ltr'>sicut</span> <span class='ocrx_word' id='word_1_34' title='bbox 1413 393 1556 435; x_wconf 88' lang='lat' dir='ltr'>iusseris,</span> 
     </span>
     <span class='ocr_line' id='line_1_14' title="bbox 542 451 1554 497; baseline 0.001 -12"><span class='ocrx_word' id='word_1_35' title='bbox 542 452 616 486; x_wconf 91' lang='lat' dir='ltr'>vide</span> <span class='ocrx_word' id='word_1_36' title='bbox 639 452 775 496; x_wconf 91' lang='lat' dir='ltr'>qualiter</span> <span class='ocrx_word' id='word_1_37' title='bbox 801 461 910 486; x_wconf 91' lang='lat' dir='ltr'>tecum</span> <span class='ocrx_word' id='word_1_38' title='bbox 934 463 1030 496; x_wconf 87' lang='lat' dir='ltr'>agam</span> <span class='ocrx_word' id='word_1_39' title='bbox 1053 463 1214 496; x_wconf 89' lang='lat' dir='ltr'>quamque</span> <span class='ocrx_word' id='word_1_40' title='bbox 1237 451 1433 486; x_wconf 85' lang='lat' dir='ltr'>familiariter</span> <span class='ocrx_word' id='word_1_41' title='bbox 1459 461 1554 497; x_wconf 86' lang='lat' dir='ltr'>atque</span> 
     </span>
    </p>
   </div>
   <div class='ocr_carea' id='block_1_9' title="bbox 358 509 1554 554">
    <p class='ocr_par' dir='ltr' id='par_1_9' title="bbox 358 509 1554 554">
     <span class='ocr_line' id='line_1_15' title="bbox 358 509 1554 554; baseline 0.001 -11"><span class='ocrx_word' id='word_1_42' title='bbox 358 510 557 551; x_wconf 83' lang='lat' dir='ltr'>domestice3</span> <span class='ocrx_word' id='word_1_43' title='bbox 574 518 649 554; x_wconf 90' lang='lat' dir='ltr'>peto</span> <span class='ocrx_word' id='word_1_44' title='bbox 668 509 799 554; x_wconf 88' lang='lat' dir='ltr'>quidem</span> <span class='ocrx_word' id='word_1_45' title='bbox 816 521 833 543; x_wconf 86' lang='lat' dir='ltr'>a</span> <span class='ocrx_word' id='word_1_46' title='bbox 852 509 988 543; x_wconf 86' lang='lat' dir='ltr'>domino</span> <span class='ocrx_word' id='word_1_47' title='bbox 1003 521 1065 554; x_wconf 89' lang='lat' dir='ltr'>que</span> <span class='ocrx_word' id='word_1_48' title='bbox 1081 509 1162 544; x_wconf 89' lang='lat' dir='ltr'>forte</span> <span class='ocrx_word' id='word_1_49' title='bbox 1177 511 1274 544; x_wconf 89' lang='lat' dir='ltr'>nimis</span> <span class='ocrx_word' id='word_1_50' title='bbox 1294 519 1377 544; x_wconf 88' lang='lat' dir='ltr'>esset</span> <span class='ocrx_word' id='word_1_51' title='bbox 1392 510 1431 544; x_wconf 89' lang='lat' dir='ltr'>ab</span> <span class='ocrx_word' id='word_1_52' title='bbox 1449 510 1554 544; x_wconf 89' lang='lat' dir='ltr'>amico</span> 
     </span>
    </p>
   </div>
   <div class='ocr_carea' id='block_1_10' title="bbox 357 567 779 670">
    <p class='ocr_par' dir='ltr' id='par_1_10' title="bbox 357 567 779 670">
     <span class='ocr_line' id='line_1_16' title="bbox 357 567 779 612; baseline 0 -11"><span class='ocrx_word' id='word_1_53' title='bbox 357 567 408 601; x_wconf 88' lang='lat' dir='ltr'>vel</span> <span class='ocrx_word' id='word_1_54' title='bbox 433 567 585 601; x_wconf 89' lang='lat' dir='ltr'>benivolo</span> <span class='ocrx_word' id='word_1_55' title='bbox 609 567 779 612; x_wconf 85' lang='lat' dir='ltr'>postulare.</span> 
     </span>
     <span class='ocr_line' id='line_1_17' title="bbox 357 625 756 670; baseline 0 -12"><span class='ocrx_word' id='word_1_56' title='bbox 357 625 562 669; x_wconf 86' lang='lat' dir='ltr'>diligentium</span> <span class='ocrx_word' id='word_1_57' title='bbox 587 626 756 670; x_wconf 87' lang='lat' dir='ltr'>aspernari.</span> 
     </span>
    </p>
   </div>
   <div class='ocr_carea' id='block_1_11' title="bbox 803 567 1555 671">
    <p class='ocr_par' dir='ltr' id='par_1_11' title="bbox 803 567 1555 671">
     <span class='ocr_line' id='line_1_18' title="bbox 838 567 1553 602; baseline 0.003 -2"><span class='ocrx_word' id='word_1_58' title='bbox 838 567 894 601; x_wconf 92' lang='lat' dir='ltr'>sed</span> <span class='ocrx_word' id='word_1_59' title='bbox 917 578 984 600; x_wconf 92' lang='lat' dir='ltr'>non</span> <span class='ocrx_word' id='word_1_60' title='bbox 1015 575 1063 601; x_wconf 91' lang='lat' dir='ltr'>est</span> <span class='ocrx_word' id='word_1_61' title='bbox 1094 567 1300 602; x_wconf 87' lang='lat' dir='ltr'>humanitatis</span> <span class='ocrx_word' id='word_1_62' title='bbox 1330 578 1384 602; x_wconf 90' lang='lat' dir='ltr'>tue</span> <span class='ocrx_word' id='word_1_63' title='bbox 1413 577 1490 602; x_wconf 85' lang='lat' dir='ltr'>vota</span> <span class='ocrx_word' id='word_1_64' title='bbox 1521 577 1553 602; x_wconf 91' lang='lat' dir='ltr'>te</span> 
     </span>
     <span class='ocr_line' id='line_1_19' title="bbox 803 625 1555 671; baseline 0.003 -13"><span class='ocrx_word' id='word_1_65' title='bbox 803 626 829 658; x_wconf 89' lang='lat' dir='ltr'>si</span> <span class='ocrx_word' id='word_1_66' title='bbox 852 625 928 669; x_wconf 91' lang='lat' dir='ltr'>quid</span> <span class='ocrx_word' id='word_1_67' title='bbox 952 634 1060 659; x_wconf 86' lang='lat' dir='ltr'>autem</span> <span class='ocrx_word' id='word_1_68' title='bbox 1083 625 1179 670; x_wconf 86' lang='lat' dir='ltr'>pluris</span> <span class='ocrx_word' id='word_1_69' title='bbox 1202 625 1298 660; x_wconf 91' lang='lat' dir='ltr'>fuerit</span> <span class='ocrx_word' id='word_1_70' title='bbox 1315 638 1414 671; x_wconf 87' lang='lat' dir='ltr'>quam</span> <span class='ocrx_word' id='word_1_71' title='bbox 1433 626 1555 668; x_wconf 83' lang='lat' dir='ltr'>deceat,</span> 
     </span>
    </p>
   </div>
   <div class='ocr_carea' id='block_1_12' title="bbox 355 683 1294 729">
    <p class='ocr_par' dir='ltr' id='par_1_12' title="bbox 355 683 1294 729">
     <span class='ocr_line' id='line_1_20' title="bbox 355 683 1294 729; baseline 0 -11"><span class='ocrx_word' id='word_1_72' title='bbox 355 696 449 729; x_wconf 87' lang='lat' dir='ltr'>parce</span> <span class='ocrx_word' id='word_1_73' title='bbox 473 693 505 718; x_wconf 89' lang='lat' dir='ltr'>et</span> <span class='ocrx_word' id='word_1_74' title='bbox 523 684 604 719; x_wconf 89' lang='lat' dir='ltr'>vale.</span> <span class='ocrx_word' id='word_1_75' title='bbox 651 685 825 726; x_wconf 71' lang='lat' dir='ltr'>Florende,</span> <span class='ocrx_word' id='word_1_76' title='bbox 849 683 993 718; x_wconf 87' lang='lat' dir='ltr'>secundo</span> <span class='ocrx_word' id='word_1_77' title='bbox 1016 695 1120 718; x_wconf 88' lang='lat' dir='ltr'>nonas</span> <span class='ocrx_word' id='word_1_78' title='bbox 1144 684 1294 719; x_wconf 88' lang='lat' dir='ltr'>octobris.</span> 
     </span>
    </p>
   </div>
   <div class='ocr_carea' id='block_1_13' title="bbox 353 814 930 1144">
    <p class='ocr_par' dir='ltr' id='par_1_13' title="bbox 353 814 930 1144">
     <span class='ocr_line' id='line_1_21' title="bbox 354 814 930 846; baseline 0 -5"><span class='ocrx_word' id='word_1_79' title='bbox 354 814 382 841; x_wconf 91' lang='lat' dir='ltr'>in</span> <span class='ocrx_word' id='word_1_80' title='bbox 411 814 465 841; x_wconf 90' lang='lat' dir='ltr'>San</span> <span class='ocrx_word' id='word_1_81' title='bbox 484 814 648 841; x_wconf 87' lang='lat' dir='ltr'>Francesco:</span> <span class='ocrx_word' id='word_1_82' title='bbox 678 814 713 842; x_wconf 87' lang='lat' dir='ltr'>cf.</span> <span class='ocrx_word' id='word_1_83' title='bbox 731 814 873 846; x_wconf 67' lang='lat' dir='ltr'>Usfflzm,</span> <span class='ocrx_word' id='word_1_84' title='bbox 897 814 930 842; x_wconf 77' lang='lat' dir='ltr'>It.</span> 
     </span>
     <span class='ocr_line' id='line_1_22' title="bbox 353 855 930 892; baseline 0 -10"><span class='ocrx_word' id='word_1_85' title='bbox 353 865 417 883; x_wconf 77' lang='lat' dir='ltr'>sacr.</span> <span class='ocrx_word' id='word_1_86' title='bbox 428 856 475 888; x_wconf 90' lang='lat'>111,</span> <span class='ocrx_word' id='word_1_87' title='bbox 485 855 551 892; x_wconf 88' lang='lat'>669;</span> <span class='ocrx_word' id='word_1_88' title='bbox 571 856 593 888; x_wconf 93' lang='lat'>1,</span> <span class='ocrx_word' id='word_1_89' title='bbox 607 856 687 888; x_wconf 87' lang='lat'>1018;</span> <span class='ocrx_word' id='word_1_90' title='bbox 697 856 852 888; x_wconf 66' lang='lat' dir='ltr'>Wzmomc,</span> <span class='ocrx_word' id='word_1_91' title='bbox 861 855 930 883; x_wconf 87' lang='lat' dir='ltr'><em>Ann.</em></span> 
     </span>
     <span class='ocr_line' id='line_1_23' title="bbox 354 898 930 931; baseline 0 -6"><span class='ocrx_word' id='word_1_92' title='bbox 354 898 407 925; x_wconf 86' lang='lat' dir='ltr'>ord.</span> <span class='ocrx_word' id='word_1_93' title='bbox 419 899 484 925; x_wconf 86' lang='lat' dir='ltr'>Min.</span> <span class='ocrx_word' id='word_1_94' title='bbox 496 899 568 931; x_wconf 90' lang='lat' dir='ltr'>V111,</span> <span class='ocrx_word' id='word_1_95' title='bbox 582 898 631 925; x_wconf 88' lang='lat'>266</span> <span class='ocrx_word' id='word_1_96' title='bbox 642 898 706 931; x_wconf 84' lang='lat' dir='ltr'>&amp;c.;</span> <span class='ocrx_word' id='word_1_97' title='bbox 723 899 930 931; x_wconf 71' lang='lat' dir='ltr'>CAPPELLETTI,</span> 
     </span>
     <span class='ocr_line' id='line_1_24' title="bbox 354 940 930 977; baseline 0 -10"><span class='ocrx_word' id='word_1_98' title='bbox 354 941 389 967; x_wconf 78' lang='lat' dir='ltr'>Le</span> <span class='ocrx_word' id='word_1_99' title='bbox 402 941 478 967; x_wconf 63' lang='lat' dir='ltr'>chiese</span> <span class='ocrx_word' id='word_1_100' title='bbox 491 940 600 974; x_wconf 74' lang='lat' dir='ltr'>d&#39;Rah&#39;a,</span> <span class='ocrx_word' id='word_1_101' title='bbox 614 941 663 974; x_wconf 83' lang='lat' dir='ltr'>lv,</span> <span class='ocrx_word' id='word_1_102' title='bbox 679 940 745 976; x_wconf 84' lang='lat'>563;</span> <span class='ocrx_word' id='word_1_103' title='bbox 763 941 850 974; x_wconf 87' lang='lat' dir='ltr'>XVII,</span> <span class='ocrx_word' id='word_1_104' title='bbox 871 949 930 977; x_wconf 83' lang='lat'>594,</span> 
     </span>
     <span class='ocr_line' id='line_1_25' title="bbox 354 983 930 1019; baseline 0.002 -9"><span class='ocrx_word' id='word_1_105' title='bbox 354 983 458 1018; x_wconf 84' lang='lat'>654-55</span> <span class='ocrx_word' id='word_1_106' title='bbox 470 993 476 1016; x_wconf 92' lang='lat'>;</span> <span class='ocrx_word' id='word_1_107' title='bbox 489 992 504 1010; x_wconf 92' lang='lat' dir='ltr'>e</span> <span class='ocrx_word' id='word_1_108' title='bbox 517 989 680 1019; x_wconf 86' lang='lat' dir='ltr'>soprattutto</span> <span class='ocrx_word' id='word_1_109' title='bbox 699 984 930 1011; x_wconf 71' lang='lat' dir='ltr'>UGunanm-Az-</span> 
     </span>
     <span class='ocr_line' id='line_1_26' title="bbox 354 1024 928 1060; baseline 0.002 -10"><span class='ocrx_word' id='word_1_110' title='bbox 354 1031 460 1057; x_wconf 74' lang='lat' dir='ltr'><strong>zeum,</strong></span> <span class='ocrx_word' id='word_1_111' title='bbox 472 1024 507 1051; x_wconf 82' lang='lat' dir='ltr'>Le</span> <span class='ocrx_word' id='word_1_112' title='bbox 515 1029 606 1060; x_wconf 72' lang='lat' dir='ltr'>pompe</span> <span class='ocrx_word' id='word_1_113' title='bbox 618 1025 711 1057; x_wconf 72' lang='lat' dir='ltr'>Sanaesi,</span> <span class='ocrx_word' id='word_1_114' title='bbox 727 1025 838 1057; x_wconf 82' lang='lat' dir='ltr'>Pistoia,</span> <span class='ocrx_word' id='word_1_115' title='bbox 854 1024 928 1060; x_wconf 84' lang='lat'>1649,</span> 
     </span>
     <span class='ocr_line' id='line_1_27' title="bbox 353 1066 930 1102; baseline 0.003 -11"><span class='ocrx_word' id='word_1_116' title='bbox 353 1074 408 1101; x_wconf 83' lang='lat' dir='ltr'>par.</span> <span class='ocrx_word' id='word_1_117' title='bbox 420 1066 440 1099; x_wconf 89' lang='grc' dir='ltr'>Ι,</span> <span class='ocrx_word' id='word_1_118' title='bbox 454 1074 495 1101; x_wconf 91' lang='lat' dir='ltr'>pp.</span> <span class='ocrx_word' id='word_1_119' title='bbox 514 1066 625 1101; x_wconf 83' lang='lat'>185-86.</span> <span class='ocrx_word' id='word_1_120' title='bbox 661 1066 722 1093; x_wconf 88' lang='lat' dir='ltr'>Che</span> <span class='ocrx_word' id='word_1_121' title='bbox 736 1073 831 1102; x_wconf 88' lang='lat' dir='ltr'>questo</span> <span class='ocrx_word' id='word_1_122' title='bbox 848 1076 862 1091; x_wconf 85' lang='lat'>«</span> <span class='ocrx_word' id='word_1_123' title='bbox 875 1075 930 1102; x_wconf 83' lang='lat' dir='ltr'>pre-</span> 
     </span>
     <span class='ocr_line' id='line_1_28' title="bbox 354 1107 930 1144; baseline 0.003 -11"><span class='ocrx_word' id='word_1_124' title='bbox 354 1117 368 1132; x_wconf 90' lang='lat'>«</span> <span class='ocrx_word' id='word_1_125' title='bbox 382 1107 438 1134; x_wconf 88' lang='lat' dir='ltr'>lato</span> <span class='ocrx_word' id='word_1_126' title='bbox 458 1108 485 1134; x_wconf 86' lang='lat' dir='ltr'>di</span> <span class='ocrx_word' id='word_1_127' title='bbox 504 1109 605 1144; x_wconf 87' lang='lat' dir='ltr'>grande</span> <span class='ocrx_word' id='word_1_128' title='bbox 624 1109 717 1144; x_wconf 83' lang='lat' dir='ltr'>spirito</span> <span class='ocrx_word' id='word_1_129' title='bbox 737 1117 751 1135; x_wconf 86' lang='lat' dir='ltr'>e</span> <span class='ocrx_word' id='word_1_130' title='bbox 769 1108 884 1135; x_wconf 62' lang='lat' dir='ltr'>fazzioso</span> <span class='ocrx_word' id='word_1_131' title='bbox 904 1108 930 1135; x_wconf 87' lang='lat' dir='ltr'>al</span> 
     </span>
    </p>
   </div>
   <div class='ocr_carea' id='block_1_14' title="bbox 974 813 1554 1146">
    <p class='ocr_par' dir='ltr' id='par_1_14' title="bbox 974 813 1554 1146">
     <span class='ocr_line' id='line_1_29' title="bbox 977 813 1553 851; baseline 0.005 -12"><span class='ocrx_word' id='word_1_132' title='bbox 977 823 991 838; x_wconf 72' lang='lat' dir='ltr'><strong>c</strong></span> <span class='ocrx_word' id='word_1_133' title='bbox 1004 813 1086 840; x_wconf 89' lang='lat' dir='ltr'>solito</span> <span class='ocrx_word' id='word_1_134' title='bbox 1105 813 1132 840; x_wconf 86' lang='lat' dir='ltr'>di</span> <span class='ocrx_word' id='word_1_135' title='bbox 1150 813 1241 850; x_wconf 84' lang='lat' dir='ltr'>quella</span> <span class='ocrx_word' id='word_1_136' title='bbox 1258 819 1368 850; x_wconf 84' lang='lat' dir='ltr'>potente</span> <span class='ocrx_word' id='word_1_137' title='bbox 1392 814 1514 851; x_wconf 81' lang='lat' dir='ltr'>famiglia</span> <span class='ocrx_word' id='word_1_138' title='bbox 1526 825 1553 848; x_wconf 69' lang='lat' dir='ltr'>n,</span> 
     </span>
     <span class='ocr_line' id='line_1_30' title="bbox 977 856 1554 893; baseline 0.005 -11"><span class='ocrx_word' id='word_1_139' title='bbox 977 864 1056 883; x_wconf 89' lang='lat' dir='ltr'>come</span> <span class='ocrx_word' id='word_1_140' title='bbox 1067 856 1094 883; x_wconf 93' lang='lat' dir='ltr'>lo</span> <span class='ocrx_word' id='word_1_141' title='bbox 1105 856 1163 883; x_wconf 90' lang='lat' dir='ltr'>dice</span> <span class='ocrx_word' id='word_1_142' title='bbox 1171 856 1189 883; x_wconf 91' lang='lat' dir='ltr'>l&#39;</span> <span class='ocrx_word' id='word_1_143' title='bbox 1197 856 1350 893; x_wconf 83' lang='lat' dir='ltr'>Ugurgieri‚</span> <span class='ocrx_word' id='word_1_144' title='bbox 1355 857 1427 884; x_wconf 80' lang='lat' dir='ltr'>fosse</span> <span class='ocrx_word' id='word_1_145' title='bbox 1434 866 1469 884; x_wconf 88' lang='lat' dir='ltr'>un</span> <span class='ocrx_word' id='word_1_146' title='bbox 1478 858 1554 885; x_wconf 75' lang='lat' dir='ltr'>intel-</span> 
     </span>
     <span class='ocr_line' id='line_1_31' title="bbox 975 898 1552 934; baseline 0.005 -10"><span class='ocrx_word' id='word_1_147' title='bbox 975 898 1076 933; x_wconf 90' lang='lat' dir='ltr'>ligente</span> <span class='ocrx_word' id='word_1_148' title='bbox 1092 899 1274 934; x_wconf 83' lang='lat' dir='ltr'>raccoglitore</span> <span class='ocrx_word' id='word_1_149' title='bbox 1285 899 1313 926; x_wconf 90' lang='lat' dir='ltr'>di</span> <span class='ocrx_word' id='word_1_150' title='bbox 1328 899 1386 926; x_wconf 81' lang='lat' dir='ltr'>libri</span> <span class='ocrx_word' id='word_1_151' title='bbox 1401 900 1434 926; x_wconf 91' lang='lat' dir='ltr'>ed</span> <span class='ocrx_word' id='word_1_152' title='bbox 1447 908 1552 928; x_wconf 78' lang='lat' dir='ltr'>amasse</span> 
     </span>
     <span class='ocr_line' id='line_1_32' title="bbox 975 940 1552 977; baseline 0.007 -11"><span class='ocrx_word' id='word_1_153' title='bbox 975 940 1189 975; x_wconf 84' lang='lat' dir='ltr'>singolarmente</span> <span class='ocrx_word' id='word_1_154' title='bbox 1207 940 1350 976; x_wconf 85' lang='lat' dir='ltr'>possedere</span> <span class='ocrx_word' id='word_1_155' title='bbox 1369 941 1394 968; x_wconf 91' lang='lat' dir='ltr'>le</span> <span class='ocrx_word' id='word_1_156' title='bbox 1406 949 1488 977; x_wconf 84' lang='lat' dir='ltr'>opere</span> <span class='ocrx_word' id='word_1_157' title='bbox 1507 941 1552 970; x_wconf 87' lang='lat' dir='ltr'>del</span> 
     </span>
     <span class='ocr_line' id='line_1_33' title="bbox 975 982 1552 1012; baseline 0.003 -3"><span class='ocrx_word' id='word_1_158' title='bbox 975 982 1102 1009; x_wconf 84' lang='lat' dir='ltr'>Petrarca</span> <span class='ocrx_word' id='word_1_159' title='bbox 1121 991 1136 1010; x_wconf 91' lang='lat' dir='ltr'>e</span> <span class='ocrx_word' id='word_1_160' title='bbox 1154 982 1197 1010; x_wconf 90' lang='lat' dir='ltr'>del</span> <span class='ocrx_word' id='word_1_161' title='bbox 1210 983 1360 1010; x_wconf 85' lang='lat' dir='ltr'>Boccaccio</span> <span class='ocrx_word' id='word_1_162' title='bbox 1372 989 1552 1012; x_wconf 68' lang='lat' dir='ltr'>mostreremo</span> 
     </span>
     <span class='ocr_line' id='line_1_34' title="bbox 975 1024 1552 1060; baseline 0.003 -9"><span class='ocrx_word' id='word_1_163' title='bbox 975 1025 1078 1060; x_wconf 87' lang='lat' dir='ltr'>meglio</span> <span class='ocrx_word' id='word_1_164' title='bbox 1086 1024 1198 1058; x_wconf 80' lang='lat' dir='ltr'>alu-ove,</span> <span class='ocrx_word' id='word_1_165' title='bbox 1205 1025 1343 1052; x_wconf 78' lang='lat' dir='ltr'>tendendo</span> <span class='ocrx_word' id='word_1_166' title='bbox 1351 1032 1432 1052; x_wconf 84' lang='lat' dir='ltr'>conto</span> <span class='ocrx_word' id='word_1_167' title='bbox 1445 1026 1490 1053; x_wconf 84' lang='lat' dir='ltr'>del</span> <span class='ocrx_word' id='word_1_168' title='bbox 1497 1034 1552 1053; x_wconf 81' lang='lat' dir='ltr'>car·</span> 
     </span>
     <span class='ocr_line' id='line_1_35' title="bbox 974 1067 1552 1104; baseline 0.005 -11"><span class='ocrx_word' id='word_1_169' title='bbox 974 1067 1068 1102; x_wconf 86' lang='lat' dir='ltr'>teggio</span> <span class='ocrx_word' id='word_1_170' title='bbox 1085 1067 1136 1094; x_wconf 84' lang='lat' dir='ltr'>che</span> <span class='ocrx_word' id='word_1_171' title='bbox 1150 1074 1230 1095; x_wconf 89' lang='lat' dir='ltr'>tenne</span> <span class='ocrx_word' id='word_1_172' title='bbox 1243 1067 1343 1095; x_wconf 83' lang='lat' dir='ltr'>secolui</span> <span class='ocrx_word' id='word_1_173' title='bbox 1357 1067 1433 1104; x_wconf 88' lang='lat' dir='ltr'>negli</span> <span class='ocrx_word' id='word_1_174' title='bbox 1448 1068 1512 1095; x_wconf 83' lang='lat' dir='ltr'>anni</span> <span class='ocrx_word' id='word_1_175' title='bbox 1524 1068 1552 1096; x_wconf 86' lang='lat' dir='ltr'>di</span> 
     </span>
     <span class='ocr_line' id='line_1_36' title="bbox 974 1110 1466 1146; baseline 0.004 -10"><span class='ocrx_word' id='word_1_176' title='bbox 974 1118 1024 1136; x_wconf 89' lang='lat' dir='ltr'>sua</span> <span class='ocrx_word' id='word_1_177' title='bbox 1044 1110 1200 1146; x_wconf 85' lang='lat' dir='ltr'>giovinezza</span> <span class='ocrx_word' id='word_1_178' title='bbox 1218 1111 1340 1138; x_wconf 86' lang='lat' dir='ltr'>Lorenzo</span> <span class='ocrx_word' id='word_1_179' title='bbox 1358 1110 1466 1139; x_wconf 88' lang='lat' dir='ltr'>Ridolfi.</span> 
     </span>
    </p>
   </div>
  </div>
 </body>
</html>
