1696 2782
170 432 243 460 stuwi·
255 433 304 460 ⁹2¹⁶
317 433 354 453 che
381 428 524 467 rentiam,
549 436 583 459 tu
603 425 734 458 videbis.

446 496 505 518 nos
518 493 548 517 te
559 495 626 517 non
640 482 836 523 Manuelem,
850 482 916 523 sed,
930 482 1092 527 completo
1106 482 1275 524 vocabulo,
1287 483 1382 516 Hem
1390 483 1577 525 anuelem,

144 466 156 480 ι
177 460 261 480 Fireuze
281 459 322 487 egli
343 460 354 479 ὲ

143 491 219 511 aneso,
239 487 297 514 qussi
318 493 354 506 no·
381 486 431 524 Sis,

143 513 199 533 vello
213 513 297 537 Musis,

386 306 447 339 124

799 301 1149 329 EPISTOLARIO

780 425 844 457 iarn
868 426 956 457 enim
980 424 1088 465 video,
1119 436 1193 458 cum
1221 424 1305 468 apud
1323 435 1383 458 nos
1404 436 1574 459 mansurus

380 542 466 587 quod
481 543 722 585 interpretatum
738 549 785 574 est
804 552 824 573 n
834 551 854 573 o
865 540 883 573 b
894 540 928 573 is
940 551 956 573 c
965 553 986 574 u
996 553 1030 574 ιιι
1054 541 1085 574 D
1096 552 1114 574 e
1123 553 1144 574 u
1152 553 1167 574 s
1177 541 1222 582 (¹),
1237 541 1466 575 rationabiliter
1479 553 1576 575 voca-

379 611 483 641 turos;
501 612 534 633 es
550 600 670 632 etenim
689 599 867 643 expectatio
883 599 1042 643 gentium,
1056 598 1119 632 hoc
1138 607 1186 632 est
1209 599 1397 640 multorum,
1409 600 1464 644 qui
1481 609 1576 635 tuum

380 659 554 692 adventum
566 657 734 701 plusquam
746 656 839 690 avide
857 656 1065 690 demorantur
1073 656 1120 698 (²),
1135 666 1171 690 ut
1184 657 1316 691 scientia
1330 667 1396 698 tua,
1411 657 1500 703 quod
1512 658 1575 692 Dei

435 775 453 790 r.
470 768 523 790 Coti,
533 768 568 790 Me
582 768 643 797 dopo
656 767 722 790 video
733 773 848 795 pongono
862 766 923 795 quod

999 774 1023 794 4.
1038 767 1076 789 Me
1090 774 1116 790 en
1130 771 1163 790 eut
1177 767 1236 790 enim
1315 775 1337 797 5.
1356 769 1394 791 Me
1407 769 1439 791 ha
1453 770 1576 798 aegium

378 809 438 837 dopo
452 809 596 831 demorantur
609 809 634 830 la
644 808 731 836 parola
745 807 894 835 desiderium,
909 807 937 829 di
948 807 988 829 cui
1001 813 1048 829 non
1062 809 1117 831 evvi
1129 808 1229 837 bisogno
1242 814 1338 832 ver-uno.

378 902 396 928 l’
407 902 521 937 epistola
539 901 668 937 scrittagli
687 901 731 928 dal
751 901 778 928 S.
820 901 852 927 Ei
870 900 897 927 fu
916 909 951 927 un

379 944 476 971 ottimo
495 950 645 970 strumento
665 943 705 970 de’
719 943 824 978 disegni
841 942 885 970 del
906 952 954 970 no·

378 993 449 1019 stro;
469 986 577 1013 dovette
596 986 667 1012 colle
686 994 733 1012 sue
754 985 830 1012 calde
856 991 954 1012 esorta-

378 1028 449 1054 zioni
475 1027 610 1062 invogliar
628 1027 646 1053 il
667 1027 801 1054 Crisolora
827 1035 843 1053 a
861 1033 952 1053 tenere

379 1070 490 1097 l'invito
510 1070 722 1102 de'Fiorentini;
743 1078 787 1096 ma
816 1070 866 1096 che
891 1070 953 1105 egli,

377 1113 484 1148 giovine
503 1121 611 1144 ancora,
630 1120 709 1138 senza
728 1112 900 1147 riputazione‚
920 1112 952 1138 da

381 1155 607 1190 Costantinopoli,
626 1161 733 1189 potesse
748 1155 855 1180 indurre
870 1155 879 1180 i
895 1154 953 1181 suoi

378 1197 549 1224 concittadini
565 1206 579 1223 a
600 1197 736 1223 chiamare
751 1196 886 1229 Manuele,
906 1197 954 1223 do-

378 1239 477 1266 vrebbe
487 1247 563 1274 parer
578 1247 642 1265 cosa
659 1239 775 1271 assurda,
789 1239 875 1265 anche
889 1247 917 1265 se
929 1239 954 1264 ci

379 1289 552 1307 mancassero
563 1281 587 1307 le
598 1286 711 1316 opposte
719 1289 733 1306 e
745 1280 845 1315 precise
856 1280 954 1307 dichia-

378 1323 479 1349 razioni
491 1323 533 1349 del
543 1323 571 1349 S.
608 1323 667 1349 Che
687 1323 790 1349 diremo
809 1322 891 1349 infme
911 1322 954 1349 del

378 1364 502 1392 Niccoli?
540 1364 603 1391 Sola
630 1365 744 1391 autorita
767 1365 816 1391 che
832 1365 854 1391 si
873 1373 953 1400 possa

378 1407 503 1434 invocare
522 1408 554 1434 da
574 1407 618 1434 chi
638 1407 673 1442 gli
695 1409 795 1434 ascrive
820 1407 839 1433 il
857 1408 953 1434 merito

377 1451 468 1478 d’aver
483 1452 616 1478 chiamato
628 1461 643 1478 a
659 1452 768 1478 Firenze
781 1451 843 1487 quel
859 1451 952 1479 eriso-

378 1494 445 1525 lora,
462 1494 511 1521 che
524 1503 558 1520 ne
571 1496 637 1529 parti
651 1495 695 1529 poi
708 1503 754 1529 per
768 1503 816 1521 sua
829 1494 953 1529 cagione,

378 1538 392 1563 e
412 1537 501 1573 quella
521 1537 563 1563 del
577 1537 688 1572 Poggio,
702 1537 720 1563 il
736 1536 815 1572 quale
828 1536 952 1563 nell'ora-

377 1580 455 1606 zione
474 1579 584 1606 funebre
604 1579 652 1606 che
671 1579 709 1615 gli
728 1579 832 1612 dedico,
854 1580 951 1606 scrive:

378 1631 392 1646 «
409 1622 528 1657 Operam
543 1622 615 1648 dedit
630 1622 742 1657 cupidus
755 1621 873 1649 discendi
887 1631 950 1648 cum

379 1674 393 1689 «
406 1665 463 1690 viro
481 1671 545 1690 tunc
565 1664 741 1699 integerrimo
769 1665 894 1691 omnium
918 1673 949 1691 ac

379 1705 562 1732 «doctissimo
581 1705 713 1732 Coluccio
735 1705 902 1733 Salutato...
920 1712 949 1732 ut

378 1757 392 1772 «
406 1748 515 1774 Manuel
532 1748 752 1783 Chrysoloras...
771 1749 798 1775 in
818 1749 887 1775 hanc
906 1757 948 1775 ur-

378 1799 392 1814 «
406 1790 467 1816 bem
496 1790 602 1825 legendi
627 1791 711 1826 gratia
739 1792 948 1818 accersiretur».

378 1832 419 1859 Or
432 1833 486 1868 qui,
503 1841 580 1859 come
593 1833 614 1859 si
634 1833 709 1865 vede,
724 1833 748 1859 la
762 1833 824 1860 lode
839 1834 853 1859 ὲ
869 1842 949 1869 equa-

375 1881 465 1901 mente
476 1875 644 1910 compartita.
676 1875 722 1901 Ma
732 1883 803 1910 poco
813 1875 885 1911 dopo
897 1884 949 1902 con

375 1922 468 1943 nostra
502 1917 659 1952 meraviglia
687 1917 712 1944 le
743 1926 805 1944 cose
835 1919 949 1954 cangian

375 1959 629 1995 improvvisamente
637 1959 768 1995 d'aspetto
777 1957 949 1988 :«Veris'sime

377 2012 392 2027 α
402 2002 468 2028 mihi
476 2002 568 2029 videor
575 2011 653 2037 posse
660 2003 756 2036 dicere,
764 2003 845 2029 etiam
853 2003 896 2030 his
903 2004 948 2040 qui

376 2055 390 2069 «
401 2045 510 2071 illorum
520 2051 674 2080 temporum
686 2047 846 2073 memoriam
855 2052 948 2073 tenent

376 2087 616 2122 «approbantibus,
650 2087 778 2114 Nicolai
810 2089 947 2116 maxime

376 2129 491 2155 «unius
519 2129 623 2156 verbis
653 2137 688 2156 ac
721 2129 947 2158 sollicitudine

375 2178 510 2205 «graecas
537 2169 682 2198 litteras...
702 2171 728 2196 in
747 2171 853 2198 Italiam
873 2173 948 2199 redu-

375 2217 492 2239 «ctas».
526 2212 604 2239 Fatto
626 2219 721 2248 questo
745 2222 837 2241 nuovo
857 2223 946 2250 passo,

374 2254 424 2280 che
439 2254 466 2280 di
481 2255 526 2290 piu
539 2255 619 2281 ovvio
635 2255 677 2282 del
693 2255 868 2283 concludere:
883 2267 897 2281 α
908 2258 946 2284 Ita

374 2306 388 2320 «
399 2296 524 2332 quicquid
543 2297 661 2324 utilitatis
673 2306 830 2333 graecarum
851 2299 947 2326 littera-

374 2347 388 2361 «
399 2346 457 2363 rum
474 2338 604 2365 beneficio
618 2340 779 2375 accepimus,
798 2341 851 2367 uni
870 2341 946 2368 Nic-

375 2389 389 2404 «
403 2379 494 2406 colao
519 2389 659 2416 possumus
683 2381 753 2409 ferre
765 2382 804 2409 n?
842 2383 947 2411 Pocon

375 2422 465 2449 Oratio
475 2423 502 2449 in
514 2423 573 2458 fun.
584 2424 618 2450 N.
628 2424 727 2451 Niccoli
743 2425 770 2451 in
784 2425 944 2453 MARTENE-

373 2463 507 2497 Duum),
522 2465 572 2493 Vct.
581 2475 626 2492 scr.
637 2470 660 2493 et
669 2476 734 2494 mon.
745 2468 822 2503 ampl.
829 2468 884 2495 coll.
896 2468 943 2503 111,

999 909 1051 936 730
1066 910 1106 937 sg.
1143 902 1186 930 Or
1206 903 1269 939 qual
1291 903 1351 931 fede
1369 905 1511 940 possiamo
1528 905 1576 932 noi

998 943 1061 969 dare
1080 943 1114 970 ad
1133 952 1170 970 un
1185 949 1282 978 retore,
1298 945 1349 972 che
1362 954 1412 980 pur
1430 946 1458 973 di
1475 946 1577 973 tomire

998 985 1060 1012 frasi
1071 986 1116 1021 piu
1127 995 1227 1014 sonore
1239 996 1295 1014 non
1308 988 1375 1015 esita
1387 997 1403 1015 a
1422 990 1536 1016 mutarci
1549 989 1576 1017 le

999 1035 1071 1055 carte
1080 1029 1106 1055 in
1114 1037 1197 1056 mano
1206 1038 1259 1057 con
1270 1030 1359 1057 abilita
1367 1031 1400 1058 da
1409 1031 1576 1067 giocoliere'?

998 1070 1038 1097 Ed
1046 1070 1198 1098 altrettanto
1205 1071 1289 1100 dicasi
1296 1073 1337 1099 del
1342 1073 1464 1108 Maneni,
1469 1074 1490 1101 il
1496 1074 1576 1110 quale

998 1113 1071 1140 nella
1085 1114 1142 1141 Vita
1149 1114 1194 1140 del
1202 1114 1310 1142 Niccoli
1319 1116 1357 1150 (v.
1363 1116 1392 1142 in
1399 1116 1512 1150 Marus,
1518 1117 1576 1145 Vita

998 1157 1031 1183 A.
1050 1156 1221 1189 Traversarii,
1241 1166 1265 1193 p,
1286 1165 1374 1186 Lxxv1
1399 1159 1472 1195 sgg.)
1497 1159 1576 1196 copia

1000 1208 1013 1222 «
1029 1198 1080 1224 alla
1101 1198 1197 1226 lettera
1207 1210 1221 1225 n
1233 1199 1385 1227 l’orazione
1400 1201 1444 1228 del
1458 1201 1576 1238 Poggio.

997 1239 1157 1268 Nell'eletta
1175 1242 1280 1269 schiera
1299 1242 1326 1269 di
1346 1243 1454 1279 giovini,
1473 1244 1523 1271 che
1547 1244 1576 1271 in

999 1283 1109 1310 Firenze
1125 1284 1146 1310 s'
1152 1293 1197 1311 era
1210 1285 1307 1312 riunita
1318 1291 1388 1313 sotto
1400 1286 1425 1313 la
1435 1285 1576 1322 disciplina

999 1325 1025 1351 di
1054 1325 1191 1353 Giovanni
1220 1327 1389 1363 Malpaghini
1419 1337 1435 1355 a
1462 1328 1578 1356 cultim

998 1367 1090 1404 quegli
1101 1369 1180 1402 studi,
1191 1369 1217 1396 di
1228 1369 1272 1396 cui
1281 1369 1300 1396 il
1311 1370 1339 1398 S.
1350 1369 1469 1398 s'offriva
1479 1371 1505 1398 ai
1513 1371 1575 1399 loro

998 1410 1079 1437 occhi
1106 1412 1285 1447 insuperabile
1311 1419 1440 1449 maesti-o,
1462 1413 1489 1441 la
1515 1422 1576 1451 spe-

997 1461 1076 1480 ranza
1087 1453 1179 1481 d'aver
1188 1455 1216 1481 in
1225 1456 1309 1490 patria
1322 1465 1357 1483 un
1367 1456 1576 1492 insegnamento

997 1495 1024 1521 di
1043 1504 1125 1531 greco
1144 1497 1263 1532 dovette‚
1282 1507 1330 1533 per
1348 1498 1519 1533 concludere,
1534 1508 1577 1528 ec-

998 1537 1080 1564 citare
1099 1546 1136 1564 un
1153 1537 1244 1565 fervor¹
1262 1539 1364 1574 grande
1383 1540 1409 1567 di
1431 1540 1574 1568 desiderio.

998 1578 1137 1612 Coluccio‚
1155 1580 1206 1608 che
1225 1581 1253 1607 10
1269 1581 1401 1615 divident,
1420 1591 1450 1610 se
1467 1591 1502 1610 ne
1516 1582 1576 1611 fece

997 1621 1142 1657 interprete
1155 1631 1246 1658 presso
1258 1624 1266 1650 i
1282 1625 1343 1651 suoi
1357 1625 1474 1661 signori3
1486 1634 1502 1653 e
1516 1634 1576 1661 grn-

996 1664 1037 1691 zie
1054 1665 1230 1693 all'altissima
1242 1667 1358 1694 autorita
1370 1668 1397 1694 di
1410 1668 1454 1695 cui
1466 1668 1575 1705 godeva

996 1707 1059 1734 vide
1079 1707 1218 1736 effettuato
1246 1718 1282 1736 un
1309 1709 1422 1746 disegno
1441 1710 1502 1744 che,
1519 1709 1575 1738 affi-

996 1748 1060 1775 dato
1074 1749 1106 1775 ad
1119 1748 1188 1782 altri,
1198 1750 1251 1776 ben
1263 1749 1448 1778 difficilmente
1457 1751 1574 1789 avrebbe

996 1797 1092 1825 potuto
1102 1793 1221 1819 attuarsi.
1259 1792 1298 1819 La
1309 1793 1395 1820 verita
1407 1793 1498 1820 usciv'n
1509 1793 1575 1820 dun-

995 1841 1048 1868 que
1067 1833 1179 1868 limpida
1198 1843 1213 1861 e
1231 1835 1355 1868 schietta‚
1379 1844 1435 1863 non
1460 1835 1573 1863 alteram

995 1876 1029 1902 da
1048 1877 1183 1904 retoriche
1202 1878 1320 1914 ambagi,
1339 1886 1420 1906 come
1440 1886 1535 1914 presso
1553 1878 1574 1906 il

994 1918 1101 1954 Poggio
1116 1919 1150 1946 ed
1168 1919 1187 1946 il
1206 1919 1329 1953 Mamerti,
1347 1922 1383 1948 ne
1402 1921 1436 1948 da
1461 1928 1574 1948 erronee

994 1960 1183 1989 informazioni
1196 1970 1276 1989 come
1289 1971 1383 1998 presso
1396 1962 1574 2000 Vespasiano,

994 2003 1064 2031 dalle
1079 2004 1171 2031 labbra
1186 2005 1213 2031 di
1229 2005 1372 2033 Leonardo
1385 2005 1478 2040 ani,
1491 2005 1573 2033 allor-

992 2047 1101 2082 quando
1117 2048 1142 2074 ai
1160 2047 1274 2083 figliuoli
1293 2048 1337 2076 del
1355 2048 1384 2076 S.
1397 2048 1572 2076 confemva:

995 2098 1009 2114 ι(
1019 2088 1093 2124 quod
1103 2098 1215 2124 graecas
1225 2090 1306 2117 didici
1315 2090 1425 2124 litteras,
1432 2091 1456 2119 C
1463 2090 1572 2119 olucii

994 2141 1009 2156 «
1023 2137 1073 2158 est
1092 2140 1177 2167 opus
1191 2141 1220 2164 »;
1240 2132 1270 2159 L.
1281 2130 1375 2160 Bmmr
1393 2133 1572 2170 Epistuhn,

993 2182 1034 2209 ep.
1055 2181 1099 2208 xm
1118 2174 1139 2206 1,
1158 2182 1200 2208 45.

1027 2216 1070 2251 (1)
1090 2216 1187 2248 Quest’
1194 2217 1418 2253 interpretatione
1431 2217 1476 2245 del
1489 2227 1572 2246 voca-

992 2257 1057 2284 bolo
1084 2259 1190 2285 ebraico
1218 2259 1241 2285 si
1268 2260 1369 2286 ritrova
1397 2261 1451 2287 cosi
1479 2267 1571 2296 prenso

992 2307 1014 2326 s.
1030 2299 1171 2327 Girolamo
1184 2308 1261 2327 come
1278 2301 1397 2334 altrove;
1413 2300 1446 2328 cf.
1462 2301 1571 2329 Dum!-

991 2349 1058 2374 PoN,
1079 2342 1277 2370 Concordantiae
1300 2342 1366 2370 Bibl.
1386 2346 1473 2376 sanct„
1495 2343 1569 2370 Pari-

991 2383 1045 2416 siis,
1068 2384 1144 2419 1838,
1161 2393 1187 2420 p.
1206 2392 1264 2412 xxx.
1545 2397 1547 2400 ⁴

1027 2426 1068 2462 (2)
1085 2427 1123 2453 La
1137 2428 1294 2455 correzione
1309 2427 1353 2455 del
1362 2427 1470 2462 Mehus,
1481 2428 1510 2456 di
1524 2430 1568 2456 cui

991 2469 1144 2496 tocchiamo
1163 2470 1234 2497 nelle
1257 2471 1379 2504 varianti,
1401 2479 1447 2499 era
1465 2471 1567 2500 dovutn
