1682 2762
116 381 197 402 D'nltr·
207 385 263 407 pane
273 379 301 407 gli

90 408 171 428 sembra
189 413 248 427 ιειιιι
268 413 302 427 vn-

90 435 133 455 lore
154 434 168 454 1·
177 439 300 461 argomento

91 462 128 481 che
161 460 176 480 l'
185 460 301 481 amru-rio

90 488 116 508 ha
126 487 180 508 ιοΙιο
190 493 202 507 ι
214 487 301 514 prestito

89 515 115 535 dn
128 513 247 535 Aristotele.

336 254 396 287 190
754 246 1096 274 EPISTOLARIO

330 375 476 420 reputari.
523 385 581 406 nec
596 372 653 405 sibi
668 371 790 415 placeat
806 370 858 404 ille
877 370 990 404 doctor
1003 379 1112 404 acutus
1128 370 1288 415 exemplo,
1299 371 1386 416 quod
1399 372 1527 406 videtur

331 433 368 467 ab
394 431 556 466 Aristotile
582 439 758 470 mutuasse,
779 428 818 461 de
839 437 931 461 tauro
956 437 1092 461 castrato
1117 438 1272 469 recenter,
1290 430 1344 474 qui
1370 429 1525 464 admissus

330 490 427 524 iunici
443 490 544 534 ipsam
559 487 695 522 creditur
709 489 928 531 impregnasse
942 486 994 527 (¹);
1010 497 1086 519 nam
1107 498 1182 520 cum
1201 487 1292 520 facile
1314 489 1415 531 possit
1434 499 1525 522 casus

329 559 384 583 tua
407 547 596 592 pulcerrima
614 546 738 579 ratione
761 545 871 589 negari
893 554 1022 588 propter
1045 544 1164 578 doloris
1187 545 1438 587 vehementiam,
1463 558 1525 590 que

330 605 442 639 debeat
466 616 599 638 omnem
624 603 799 648 appetitum
824 601 1012 636 concubitus
1037 602 1196 643 cohibere,
1217 611 1323 636 totum
1347 613 1465 644 tamen,
1490 614 1526 638 ut

330 664 450 703 asseris,
465 663 490 696 si
504 661 661 706 possibilis
671 671 761 694 casus
771 668 864 700 esset,
874 671 914 693 ex
923 659 1077 704 disposito
1089 660 1154 693 iam
1167 660 1292 694 semine
1303 660 1467 694 resultaret
1475 661 1524 694 (²):

329 722 361 754 in
376 720 430 753 illo
446 719 577 764 quidem
594 718 722 752 animali
738 718 895 762 precipue,
912 716 999 761 quod
1014 717 1215 751 immissione
1230 717 1299 750 sola
1313 728 1425 752 semen
1441 718 1526 753 elicit

329 787 416 811 tanta
446 777 614 811 velocitate
637 785 787 820 tantaque
814 774 946 809 saliendi
974 774 1161 819 frequentia,
1184 775 1272 820 quod
1295 775 1412 810 nullius
1434 775 1526 811 frica-

328 836 424 870 tionis
448 834 602 875 videatur,
625 845 723 878 quam
747 834 781 866 in
811 833 944 866 homine
968 832 1080 866 saltem
1109 833 1284 877 aliqualiter
1314 835 1525 868 necessariam

329 894 499 933 cernimus,
512 892 664 937 indigere.
707 903 766 925 nec
781 891 916 924 mirum:
935 890 1015 924 adeo
1030 890 1161 935 quidem
1177 890 1285 925 faciles
1301 893 1525 935 generationes

329 960 547 985 armentorum
563 959 649 991 sunt,
672 950 821 994 precipue
845 961 884 982 ex
908 957 994 993 parte
1015 948 1219 989 feminarum,
1239 949 1327 993 quod
1347 951 1416 984 sine
1436 962 1526 984 com-

328 1011 477 1054 plexione
496 1010 592 1042 maris
617 1008 784 1042 credantur
803 1019 884 1052 eque
903 1007 1027 1051 prolem
1046 1019 1086 1041 ex
1105 1016 1277 1041 ventorum
1297 1007 1454 1043 afflatibus
1469 1021 1524 1054 ge-

329 1070 445 1103 nuisse.
492 1067 578 1102 unde
597 1076 707 1101 noster
727 1067 922 1101 Mantuanus
946 1066 1066 1111 inquit:

506 1140 616 1167 Scilicet
635 1146 697 1167 ante
715 1148 811 1166 omnes
830 1147 906 1166 arnor
926 1145 966 1166 est
984 1138 1097 1174 insignis
1118 1147 1256 1174 equarum.

506 1239 578 1267 Vere
597 1239 692 1275 magis,
708 1239 770 1274 quia
790 1246 852 1265 vere
872 1237 948 1264 calor
966 1237 1035 1264 redit
1053 1237 1169 1271 ossibus,
1189 1237 1236 1265 ille

507 1289 564 1316 Ore
585 1296 681 1315 omnes
697 1296 775 1315 verse
794 1288 822 1314 in
840 1287 991 1322 zephyrum
1010 1292 1081 1313 stant
1100 1286 1209 1322 rupibus
1229 1286 1300 1320 altis,

504 1338 708 1373 Expectantque
726 1336 799 1364 leves
819 1343 906 1370 auraS,
921 1342 947 1362 et
965 1343 1030 1371 sepe
1048 1335 1106 1362 sine
1126 1335 1189 1362 ullis

452 1385 454 1387 ’
505 1386 658 1422 Coniugiis,
676 1391 757 1413 vento
776 1385 896 1421 gravide,
914 1384 1038 1411 mirabile
1057 1384 1141 1418 dictu,

507 1436 578 1463 Saxa
594 1444 641 1470 per
659 1441 685 1462 et
703 1434 832 1470 scopulos
851 1439 877 1461 et
895 1433 1036 1470 depressas
1056 1433 1196 1461 convalles

506 1483 661 1519 Diffugiunt
679 1483 729 1512 &a
742 1482 777 1510 (3)

329 1572 405 1594 nam
429 1560 454 1592 si
477 1560 608 1604 gemine
636 1558 687 1592 ille
711 1557 956 1603 quodammodo
980 1557 1142 1602 glandule,
1167 1569 1230 1602 que
1254 1557 1293 1592 de
1316 1558 1525 1592 similitudine

329 1619 467 1659 testium,
485 1618 539 1662 qui
554 1618 719 1662 pauciores
738 1628 835 1661 quam
855 1615 921 1650 duo
936 1616 1152 1650 communiter
1166 1628 1235 1650 esse
1250 1628 1317 1650 non
1334 1626 1468 1661 possunt
1479 1617 1524 1658 (⁴),

329 1676 557 1710 diminutivum
582 1675 776 1709 vocabulum
805 1675 994 1715 habuerunt,
1018 1684 1182 1719 receptum
1204 1676 1398 1719 sanguinem
1429 1674 1525 1709 deco·

329 1744 432 1779 quunt
443 1743 474 1768 et
487 1733 634 1767 exalbant
647 1742 677 1766 et
689 1734 795 1777 ipsum
808 1744 999 1777 spumosum
1012 1744 1123 1766 semen
1135 1732 1224 1777 quod
1236 1744 1338 1777 usque
1350 1744 1416 1777 quo
1431 1744 1526 1777 super

330 1793 457 1826 alterius
473 1801 527 1825 aut
538 1803 649 1825 semen
669 1801 723 1824 aut
739 1792 930 1835 sanguinem
951 1800 1005 1824 aut
1019 1799 1178 1835 utrunque
1194 1789 1388 1824 diffundatur
1402 1790 1524 1824 nullam

330 1860 384 1884 aut
410 1848 694 1894 imperceptibilem
717 1849 826 1893 recipit
849 1848 1075 1889 mutationem,
1099 1857 1131 1881 et
1154 1847 1253 1892 quod,
1277 1857 1312 1882 ut
1335 1849 1378 1881 ita
1401 1847 1525 1892 loquar,

329 1909 362 1942 in
385 1907 527 1941 futurum
551 1919 648 1951 agens
667 1907 712 1940 sic
728 1916 885 1951 operatur,
905 1905 992 1950 quod
1012 1906 1119 1950 ipsum
1142 1905 1182 1938 ad
1202 1917 1282 1950 opus
1306 1906 1524 1950 generationis

329 1966 504 2000 formaliter
524 1965 664 2009 complet
679 1974 710 1999 et
725 1963 859 2009 perficit,
876 1963 1062 1998 dicemusne
1081 1964 1165 2008 ipsas
1189 1963 1298 1997 minus
1321 1975 1390 1997 esse
1414 1975 1524 1998 neces-

385 2077 417 2100 14.
433 2071 489 2094 Cod.
505 2070 576 2093 silicet
634 2071 664 2093 18.
681 2070 736 2093 Cod.
752 2069 809 2092 levis

365 2163 406 2197 (1)
426 2162 460 2189 V.
480 2162 618 2189 AmsToT.
644 2161 682 2188 De
714 2161 819 2188 animal.
848 2161 902 2188 hist.
948 2164 1133 2188 nenaes...cum
1140 2160 1263 2187 Averrois
1273 2161 1299 2187 in
1306 2159 1524 2196 compar-aphrus.

330 2205 374 2232 lib.
393 2205 440 2238 111,
460 2213 519 2240 cap.
535 2213 553 2237 1,
569 2213 594 2240 9.
949 2203 1004 2230 vol.
1025 2202 1072 2234 VI,
1091 2211 1147 2238 par.
1166 2210 1195 2235 11,
1214 2201 1346 2235 Veneriis,
1369 2209 1524 2235 »sm-xxun,

365 2247 407 2282 (2)
423 2247 484 2274 Una
496 2247 667 2282 spiegazione
679 2246 768 2273 simile
781 2255 796 2272 a
809 2251 904 2282 questa
951 2255 974 2272 c.
992 2253 1027 2281 47
1038 2253 1062 2272 n.

330 2290 364 2316 da
374 2289 436 2316 dell'
444 2289 599 2316 incredibile
609 2297 673 2316 caso
684 2288 786 2315 riserito
799 2289 834 2315 da
846 2288 905 2315 Ari·
985 2288 1025 2322 (3)
1041 2287 1130 2314 Vane.
1145 2287 1236 2322 Georg.
1250 2287 1296 2319 ΙΙΙ,
1310 2285 1370 2318 266,
1385 2293 1524 2322 272-277;

329 2333 426 2359 stotele
438 2333 525 2360 anche
535 2333 671 2360 AvERROE
686 2331 730 2358 nel
744 2337 903 2359 commento
951 2339 995 2357 ma
1014 2329 1058 2357 nel
1073 2339 1099 2356 v.
1116 2329 1143 2356 1⁰
1161 2329 1181 2356 il
1198 2335 1269 2356 testo
1288 2329 1322 2355 da
1343 2338 1357 2354 α
1369 2328 1445 2355 furor
1458 2338 1482 2355 υ.

331 2374 355 2401 al
369 2375 457 2409 primo
467 2373 535 2401 libro
549 2374 588 2400 De
599 2383 680 2409 gener.
694 2375 789 2406 anim.;
805 2382 831 2400 v.
844 2373 904 2400 Ari·
983 2371 1026 2407 (4)
1046 2370 1089 2399 Cf.
1114 2371 1225 2403 PAmAs,
1249 2379 1294 2406 op.
1319 2370 1362 2398 cit.
1387 2379 1402 2397 e
1427 2370 1524 2404 Bru-m,

329 2416 419 2443 stotelis
435 2417 494 2443 libri
509 2416 599 2451 reliqui
617 2416 649 2442 ad
664 2417 741 2442 anim.
761 2424 831 2450 cogn.
846 2415 904 2442 aui-
949 2414 1106 2446 Catholicon,
1125 2421 1145 2440 s.
1164 2422 1190 2440 v.
1209 2419 1243 2440 te
1253 2412 1398 2440 sticuli.
1519 2408 1522 2410 ’

1557 901 1596 925 10

1533 1191 1593 1231 ⁴¹5

1552 1425 1595 1450 20

1551 1739 1593 1773 25
