1708 2774
147 453 167 474 nl
179 451 222 480 puri
235 452 255 472 di
272 450 356 472 entuuo

146 485 253 504 meleu

147 1355 230 1380 Ovidio,
235 1359 317 1376 emtore
324 1355 358 1375 de-

147 1383 176 1429 fu
191 1382 292 1414 ‘morosi
316 1381 358 1402 soi-

156 1416 205 1434 uzi,

385 315 427 357 36
810 291 1153 342 EPISTOLARIO

384 457 442 479 nec
466 444 571 478 minus
594 454 665 476 suas
688 440 820 474 subiciet
844 438 979 483 Lydiam
1001 450 1037 472 ac
1061 438 1170 481 Lycen
1183 435 1228 470 (¹).
1274 434 1388 469 ridebit
1407 443 1439 469 et
1457 443 1488 469 te
1507 435 1574 470 Ve-

382 503 526 537 ronensis
551 500 693 535 Catullus
725 508 756 533 et
786 498 883 532 dicet:
916 499 1037 538 insane,
1063 507 1161 541 quam
1192 495 1227 529 in
1257 505 1368 528 amore
1397 494 1575 528 castitatem

383 560 482 594 dicis?
525 571 605 601 ama,
630 559 711 592 sicut
729 557 814 598 libet,
831 566 862 591 et
885 567 1030 590 amorem
1049 554 1126 589 effer
1143 554 1176 588 in
1197 553 1282 587 celos
1301 562 1416 594 tuum3
1432 552 1489 587 sed
1504 553 1574 586 sine

382 630 434 652 me
457 629 530 652 cum
555 616 667 651 Lesbia
689 615 795 660 loqui:

591 691 720 719 Turbavit
739 691 836 718 nitidos
855 690 989 717 extinctus
1008 697 1102 725 passer
1121 688 1228 716 ocellos
1237 687 1282 715 (²).

380 769 466 814 quod
497 769 582 802 enim
605 769 638 801 in
661 769 751 802 terris
783 767 885 801 cecini
916 766 1019 800 adhuc
1051 764 1212 805 recordor,
1231 763 1377 805 faleucio,
1403 763 1437 797 ni
1469 762 1572 805 fallor,

381 829 538 862 carmine:

623 880 764 913 Vivamus,
779 888 841 907 mea
857 878 961 912 Lesbia,
979 884 1059 914 atque
1079 885 1215 910 amemus,

627 929 810 965 Rumoresque
830 936 924 955 senum
943 928 1111 955 severiorum

629 978 733 1005 Omnes
752 979 831 1004 unius
849 983 1002 1013 reputemus
1021 976 1097 1003 assis.

630 1027 708 1054 Soles
727 1027 852 1054 occidere
871 1033 897 1053 et
914 1026 1000 1053 redire
1019 1031 1146 1062 possunt:

627 1076 722 1109 Nobis,
737 1085 799 1103 cum
818 1075 902 1103 semel
920 1075 1020 1102 occidit
1038 1075 1127 1102 brevis
1146 1074 1202 1107 lux,

628 1125 689 1152 Nox
708 1131 748 1152 est
767 1131 895 1161 perpetua
912 1133 965 1151 una
984 1123 1151 1151 dormienda.

630 1175 672 1201 Da
691 1174 775 1201 michi
792 1174 865 1201 basia
884 1173 968 1206 mille,
985 1173 1082 1200 deinde
1102 1179 1224 1206 centum,

629 1223 698 1250 Dein
714 1223 787 1250 mille
807 1223 897 1256 altera,
913 1223 976 1250 dein
995 1223 1115 1250 secunda
1134 1227 1254 1256 centum,

629 1273 733 1299 Deinde
749 1281 832 1308 usque
847 1272 931 1300 altera
947 1271 1031 1306 mille,
1047 1271 1143 1299 deinde
1159 1277 1271 1299 centum
1280 1270 1327 1298 (3).

385 1353 603 1387 Sulmonensis
626 1362 732 1387 autem
755 1362 865 1387 noster
884 1352 982 1387 aderit
1000 1363 1095 1397 teque
1115 1354 1216 1387 torvis
1233 1353 1388 1398 aspiciens
1407 1353 1510 1387 oculis
1526 1353 1576 1387 in-

383 1411 526 1445 tonabit:
551 1412 634 1444 nosti
665 1413 805 1445 carmina
831 1423 978 1445 meorum
995 1411 1167 1445 amorum?
1211 1411 1320 1445 vidisti
1349 1410 1405 1445 ubi
1436 1422 1577 1456 conque·

384 1478 449 1502 stus
464 1480 535 1502 sum
548 1469 628 1503 illius
643 1469 833 1503 incredibilis
847 1469 1019 1513 voluptatis
1031 1470 1210 1514 potentiam
1227 1469 1376 1511 defuisse,
1392 1478 1576 1514 quantaque

386 1538 459 1560 cum
489 1526 708 1571 indignatione
732 1527 849 1561 denovi
879 1528 1014 1562 iacentia
1036 1527 1205 1561 membra?
1251 1538 1292 1562 an
1315 1527 1422 1572 legisti
1445 1526 1535 1572 quod
1557 1538 1576 1561 a

384 1584 476 1618 nobis

629 1630 741 1665 Exigere
749 1650 813 1658 .....
834 1636 946 1666 angusta
965 1636 1046 1658 nocte
1063 1630 1218 1658 Corinnam

664 1679 698 1706 Et
715 1679 828 1706 memini
847 1688 977 1707 numeros
996 1679 1170 1707 substinuisse
1189 1679 1355 1707 novem?(⁴)

383 1773 423 1796 an
446 1762 526 1796 forte
549 1772 639 1806 putas
668 1763 878 1797 inhonestum
901 1764 1021 1798 amanti
1045 1764 1258 1809 militantique
1281 1763 1357 1798 huic
1379 1773 1488 1798 nostre
1508 1763 1576 1808 Cy-

383 1819 473 1864 pridi,
493 1832 590 1864 quam
613 1820 770 1861 videmus,
790 1831 880 1866 turpe
905 1822 1028 1856 dicere:

627 1903 708 1937 Felix,
723 1912 804 1940 quem
820 1904 935 1932 Veneris
955 1905 1102 1932 certamina
1120 1910 1214 1932 mutua
1233 1905 1362 1941 perdunt!

663 1953 699 1980 Di
717 1953 826 1987 faciant,
842 1953 889 1981 leti
910 1963 990 1982 causa
1008 1954 1043 1982 sit
1061 1955 1110 1982 ista
1129 1955 1199 1982 mei!
1211 1954 1247 1982 (ς)

438 2078 454 2094 1.
471 2071 527 2095 Cod.
542 2071 606 2095 licem
661 2079 680 2102 3.
691 2073 746 2096 Cod.
762 2073 817 2096 iiber
870 2074 891 2097 6.
903 2073 958 2097 Cod.
968 2073 1062 2096 mentio
1125 2081 1160 2099 ιο.
1175 2074 1256 2105 unius]
1271 2075 1327 2098 Cod.
1341 2075 1410 2098 nturi·
1470 2082 1504 2099 u.
1519 2076 1578 2100 cod.

382 2111 499 2134 nobiscum
568 2119 602 2141 ¹5·
619 2112 673 2135 Cod.
687 2113 719 2135 mi
732 2114 800 2136 altera
815 2115 869 2142 (sic)
884 2121 897 2137 e
906 2120 951 2143 per
962 2114 1014 2137 dein
1027 2120 1083 2137 recu
1097 2114 1127 2137 dn
1192 2121 1228 2139 π.
1243 2116 1299 2139 Cod-
1314 2120 1411 2146 nugam

416 2224 458 2259 (1)
477 2224 518 2252 Cf.
539 2225 650 2254 Hom-r.
671 2226 757 2254 Carm.
773 2226 794 2260 1,
812 2234 874 2259 vm,
892 2234 954 2260 xm,
998 2226 1114 2260 tulliani,
1128 2227 1180 2254 che
1193 2228 1208 2254 e
1223 2236 1272 2255 ora
1285 2227 1304 2255 il
1317 2228 1404 2265 Pax-ig.
1421 2228 1479 2257 Lat.
1493 2236 1577 2265 :4137

381 2273 451 2298 xxv;
471 2267 516 2300 111,
531 2275 575 2300 1x;
594 2268 640 2302 IV,
658 2276 718 2296 xm.
999 2269 1045 2304 (cf.
1060 2269 1107 2297 lib.
1118 2269 1166 2303 111,
1177 2279 1218 2306 ep.
1230 2277 1318 2303 xx1v3
1333 2270 1354 2304 Ι,
1370 2270 1446 2306 222),
1458 2279 1527 2308 pure
1538 2271 1578 2299 al-

415 2308 457 2343 (2)
477 2309 606 2337 enum.
636 2311 722 2338 Carm.
741 2310 814 2345 XIV,
841 2319 888 2346 133
917 2311 951 2339 cf.
998 2311 1126 2339 l’infuori
1145 2312 1188 2339 dei
1206 2312 1260 2340 due
1278 2313 1324 2348 qui
1344 2312 1454 2348 anegati
1471 2321 1529 2341 non
1541 2313 1579 2341 ha

380 2349 442 2376 Iuv.
455 2350 506 2377 Sat.
526 2351 574 2384 vl,
591 2352 614 2379 8.
997 2354 1052 2380 mai
1062 2353 1155 2386 citato,
1164 2353 1236 2381 nelle
1245 2362 1294 2381 sue
1305 2354 1418 2390 epistole
1424 2354 1476 2382 che
1486 2355 1511 2382 ci
1524 2363 1579 2382 son

415 2392 457 2427 (3)
476 2392 605 2421 CATULL.
625 2394 712 2422 Carm.
725 2394 760 2429 V,
782 2403 841 2431 1-9.
878 2395 952 2423 S'av·
996 2396 1098 2431 giunte‚
1111 2396 1172 2423 altri
1186 2396 1282 2432 luoghi
1294 2396 1339 2424 del
1347 2402 1429 2433 poete
1437 2400 1578 2425 verone-e.

380 2438 453 2459 verta
471 2434 529 2468 che,
545 2435 641 2462 sebben
658 2436 675 2462 il
695 2436 723 2463 S.
743 2437 901 2472 possedesse
914 2437 951 2464 fin
1034 2438 1074 2474 (4)
1090 2437 1179 2466 Ovm.
1198 2439 1258 2466 Am.
1277 2438 1325 2473 111,
1344 2446 1394 2474 vn,
1407 2439 1503 2474 25-26.

381 2474 423 2501 dal
445 2483 506 2511 1375
532 2476 700 2513 l'esemplare
723 2479 765 2506 dei
789 2479 873 2506 carmi
897 2479 951 2507 Ca-
1032 2480 1074 2516 (5)
1095 2480 1180 2508 Ovm.
1199 2481 1260 2508 Am.
1279 2481 1314 2515 H,
1329 2489 1358 2516 x,
1373 2489 1470 2518 29-30.

1606 977 1646 1002 10

1607 1223 1644 1257 15

1603 1534 1647 1559 20

1605 1829 1646 1864 25
