1682 2762
72 877 113 903 10

74 1169 110 1203 ¹5

72 1749 112 1783 25

421 218 469 246 DI
501 218 764 247 COLUCCIO
797 219 1067 248 SALUTATI.
1277 213 1342 254 607

142 355 205 377 nos
217 344 262 377 ita
277 353 362 384 sunt,
374 343 463 388 quod
478 344 544 378 aliis
561 356 708 389 apparere
723 356 791 379 non
807 355 958 390 possunt;
969 345 1047 390 quid
1061 345 1343 380 inconvenientius

141 401 209 436 fieri
239 411 347 446 potest
380 413 478 446 quam
509 402 572 436 hoc
602 402 755 448 loquendi
786 403 1008 448 scribendique
1039 404 1252 438 ministerium
1283 415 1343 437 suo

138 458 287 494 fraudare
310 459 375 493 fine
405 470 437 493 et
467 460 511 501 id,
534 459 623 505 quod
653 471 701 495 est
728 462 762 495 in
786 461 844 495 hac
869 473 902 495 re
930 462 1127 506 precipuum,
1152 461 1343 495 obscuritate

139 517 314 552 verborum
333 517 526 563 dicendique
545 518 766 563 obliquatione
785 530 853 553 non
876 519 1029 564 impedire
1048 518 1270 559 solummodo,
1286 517 1343 552 sed

139 575 285 611 auferre?
330 576 464 621 impleas
486 578 583 622 igitur
604 577 708 612 taliter
730 577 782 611 illa
805 589 868 622 que
891 577 1013 618 scribis,
1031 577 1120 622 quod
1144 589 1211 611 non
1235 577 1342 611 solum

139 634 223 670 clara
245 635 310 669 sint
331 644 364 669 et
386 646 519 669 sensum
542 635 752 669 intrinsecum
775 647 830 680 pre
849 647 883 669 se
903 634 1016 677 ferant,
1036 635 1092 670 sed
1111 635 1199 680 quod
1224 635 1343 680 aliquid

139 691 224 727 aliud
238 704 338 738 quam
353 692 442 737 quod
457 693 633 727 intenderis
649 702 811 738 nequeant
826 694 1008 738 importare.
1056 693 1095 728 de
1111 694 1342 728 sententiarum

139 761 247 786 autem
265 751 422 796 gravitate
445 763 512 785 non
532 751 565 785 id
583 751 690 786 solum
710 751 889 786 curandum
908 761 966 792 est,
983 762 1019 785 ut
1037 751 1078 785 de
1098 753 1163 786 vite
1187 752 1344 797 preceptis

139 818 172 844 et
199 809 418 843 maximorum
445 819 615 844 auctorum
638 809 731 844 dictis
754 809 904 855 decerpta
927 810 1107 851 videantur,
1132 809 1188 844 sed
1208 820 1243 844 ut
1262 810 1345 844 inter

138 867 192 902 illa
211 879 276 912 que
297 868 459 912 scripseris
479 867 576 902 nichil
595 868 734 902 omnino
751 868 882 913 puerile,
903 868 1002 902 nichil
1021 868 1180 902 absonum
1202 868 1344 902 moribus

137 925 300 971 nichilque
318 937 386 960 non
406 926 672 960 honestissimum
690 936 797 961 sonet.
841 927 906 960 sint
925 926 1009 961 dicta
1029 936 1083 960 tua
1103 927 1255 967 mascula,
1276 938 1344 960 non

138 983 323 1020 effeminata
352 983 525 1030 senilisque
548 996 661 1020 sensus
683 995 716 1018 et
738 985 902 1030 ponderis,
927 996 995 1019 non
1019 985 1059 1019 ad
1083 985 1260 1020 voluntatis
1285 985 1346 1019 irn-

139 1052 252 1089 petum
275 1044 402 1089 scripta,
421 1043 479 1078 sed
501 1044 604 1078 multa
626 1044 751 1078 ratione
774 1043 896 1078 librata.
944 1055 1003 1078 nec
1018 1044 1116 1078 velim
1136 1043 1225 1088 quod
1243 1044 1345 1078 verbis

139 1101 248 1136 solum
270 1113 308 1136 α
330 1113 393 1147 que
417 1102 552 1136 moralia
570 1111 645 1136 sunt
663 1102 814 1147 explices,
833 1101 902 1143 sed,
920 1102 1008 1147 quod
1033 1102 1176 1136 maxime
1199 1102 1345 1146 pulcrum

139 1170 200 1202 at,
222 1170 315 1206 gesta
338 1160 497 1195 narrando
521 1160 693 1206 depingas;
716 1170 762 1200 ut,
786 1172 862 1195 cum
885 1172 1057 1205 personam
1082 1160 1293 1206 descripseris,
1313 1160 1346 1194 id
1373 1172 1387 1198 ᾳ

140 1231 214 1255 eam
244 1231 340 1266 agere
364 1219 461 1254 facias
491 1219 581 1265 quod
610 1231 740 1254 summe
763 1220 908 1255 moribus
931 1230 1089 1266 congruat
1112 1230 1143 1254 et
1167 1221 1242 1254 etati
1268 1231 1345 1254 con-

142 1277 263 1319 veniat,
285 1277 477 1322 professioni
500 1278 661 1322 statuique
684 1289 830 1322 persone.

207 1334 390 1369 Verborum
416 1344 525 1369 autem
544 1344 687 1376 ornatus,
707 1345 806 1380 quern
826 1334 922 1379 aliqui
940 1334 1043 1368 solam
1063 1334 1257 1368 rhetoricam
1275 1345 1346 1368 esse

140 1401 265 1437 putant,
284 1392 367 1427 circa
391 1391 493 1426 multa
513 1401 656 1426 versatur
668 1401 700 1425 et
719 1390 850 1426 infinitis
870 1391 1038 1426 conficitur
1057 1391 1344 1425 observationibus.

140 1449 297 1495 principio
315 1449 447 1495 quidem
472 1449 570 1484 velim
594 1449 751 1484 scribendi
770 1459 866 1489 recte,
885 1448 975 1494 quod
998 1449 1262 1494 orthographiam
1287 1460 1344 1482 vo·

141 1517 225 1549 cant,
237 1507 439 1552 diligentiam
454 1507 583 1541 habeas.
625 1507 713 1552 quod
728 1517 763 1541 ut
779 1506 885 1549 facias,
899 1506 1065 1541 considera
1080 1507 1344 1551 compositiones,

141 1576 177 1601 ut
192 1578 271 1601 cum
294 1577 516 1600 commune
540 1565 581 1600 de
604 1577 757 1600 munus
780 1575 812 1600 et
835 1576 911 1600 con
935 1566 1063 1599 unitum
1083 1565 1133 1606 sit,
1149 1576 1206 1610 per
1219 1564 1285 1599 duo
1300 1577 1345 1606 m,

142 1635 210 1659 non
244 1635 301 1669 per
334 1635 437 1658 unum
463 1623 557 1658 scribi
586 1622 709 1658 debeat.
760 1623 804 1657 sic
835 1633 867 1657 et
901 1623 1230 1663 communicare,
1258 1621 1346 1668 quod

143 1682 183 1717 ab
206 1682 263 1717 illo
286 1682 463 1717 deductum
491 1693 562 1716 esse
595 1691 720 1717 constat
731 1682 776 1716 (¹).
832 1682 878 1716 sic
908 1693 983 1716 cum
1013 1693 1053 1716 ex
1084 1681 1130 1716 ad
1161 1691 1192 1716 et
1221 1681 1346 1716 traho

144 1739 281 1775 verbum
304 1740 367 1774 hoc
397 1739 574 1774 attraho
597 1750 822 1785 componatur,
846 1751 912 1774 non
937 1751 1011 1774 cum
1043 1740 1140 1774 unico
1163 1749 1187 1781 t,
1210 1739 1266 1773 sed
1290 1751 1346 1784 ge-

144 1798 236 1832 mino
253 1797 348 1832 scribi
368 1797 520 1832 debet(’).
567 1807 600 1832 et
622 1797 834 1838 exhibere,
858 1798 1014 1843 quoniam
1034 1797 1073 1831 ab
1097 1809 1144 1831 ex
1167 1807 1200 1832 et
1222 1796 1346 1831 habeo

197 1931 220 1954 ⁸.
237 1929 312 1953 une
326 1930 372 1953 vlu
439 1936 463 1960 ⁹·
477 1930 515 1953 ur
528 1930 630 1953 vide-tur

143 1970 224 1992 dam
237 1974 260 1993 ιι
315 1976 353 2000 ²5·
368 1969 443 1993 une
453 1973 573 1994 oneuom
586 1977 638 1994 cum

143 2010 226 2034 idm
239 2011 301 2039 dopo
315 2010 384 2034 unico

698 1937 733 1953 ιι.
750 1929 783 1952 Μ
798 1930 916 1959 diligenter
984 1936 1022 1957 2⁴-
1045 1929 1120 1952 UMe
1134 1930 1220 1952 diduci.
1235 1936 1249 1952 e
1260 1935 1305 1959 per
1318 1929 1346 1952 nd

693 1971 770 2000 ²5⁴⁶-
786 1970 824 1993 ue
835 1975 897 2000 pone
913 1974 922 1992 t
935 1970 996 1999 dopo
1009 1969 1108 1999 gemino,
1125 1972 1214 1992 mentre
1228 1970 1239 1992 i
1246 1969 1314 1992 codd.
1323 1970 1347 1991 10

178 2130 223 2167 (ι)
242 2130 287 2159 Cf.
307 2131 488 2164 Uouccroua,
508 2131 547 2159 Da
573 2131 724 2160 derivativa.

142 2174 244 2202 vnbor.
266 2182 288 2202 s.
307 2183 332 2202 v.
353 2174 482 2202 munio:
497 2174 588 2202 altem
607 2175 723 2202 munio

143 2223 159 2240 ι
170 2215 347 2251 componitur
365 2224 429 2243 cum
449 2224 511 2244 con
531 2221 560 2244 et
571 2216 668 2244 dicitur
678 2216 723 2244 hic

144 2266 160 2283 α
171 2262 199 2284 et
210 2257 262 2285 hec
276 2259 442 2291 communis,
459 2267 487 2291 ες
506 2259 584 2295 quasi
600 2259 723 2286 munium

144 2308 159 2323 ι
169 2298 287 2335 plurium
306 2299 350 2327 vel
369 2300 446 2336 quasi
464 2308 528 2328 cum
543 2302 647 2334 munio,
659 2301 722 2337 quia

144 2349 159 2365 α
170 2348 226 2368 non
239 2347 280 2368 est
292 2349 450 2378 segregatus
462 2342 495 2369 ab
509 2342 568 2370 aliis
583 2343 610 2370 in
626 2342 723 2375 offitio,

146 2392 160 2407 ι
172 2383 243 2411 unde
253 2386 436 2413 communiter
447 2385 508 2413 adm
545 2391 573 2413 et
584 2385 637 2414 hec
650 2394 723 2413 com-

771 2142 785 2156 «
797 2131 916 2159 munitas
923 2132 956 2159 tis
962 2137 988 2158 et
997 2131 1248 2164 communio,is‚ivi
1256 2132 1304 2159 διε,
1316 2140 1347 2164 »;

770 2174 829 2202 cod.
839 2174 920 2203 Laut.
940 2174 969 2202 S.
981 2174 1072 2201 Croce
1088 2173 1130 2200 Pl.
1140 2172 1245 2200 XXVII
1263 2173 1315 2200 sin.
1325 2181 1348 2207 1,

769 2226 793 2244 c.
812 2216 902 2252 2761„
931 2225 946 2244 e
966 2215 1000 2244 cf.
1021 2216 1108 2244 Bam
1133 2215 1255 2244 Catholic.
1281 2224 1302 2244 ⁵.
1321 2225 1348 2244 v.

768 2259 895 2286 munio.
1189 2284 1193 2287 .

804 2300 846 2336 (2)
866 2299 911 2328 Cf.
930 2299 1114 2333 Uouecmns,
1132 2308 1177 2336 op.
1187 2300 1231 2327 cit.
1246 2299 1275 2326 in
1285 2300 1346 2328 cod.

768 2343 813 2371 cit.
833 2352 856 2370 c.
875 2350 928 2378 429
940 2351 964 2376 a,
983 2351 1004 2370 s.
1018 2352 1044 2370 v.
1063 2342 1176 2375 traho;
1196 2342 1292 2375 Bam,
1302 2350 1346 2378 op.

768 2386 805 2414 cit
831 2393 851 2413 s.
872 2394 896 2413 e.
914 2394 940 2413 v.

1370 350 1406 371 che
1426 356 1475 371 con·
1494 350 1549 371 v'hn
1563 351 1584 371 di

1370 378 1406 405 piu
1437 378 1584 398 neonveniente

1370 404 1407 425 che
1420 404 1530 431 dintoglier
1551 404 1584 424 dal

1370 437 1410 451 mo
1438 431 1479 451 fine
1510 436 1584 458 questo

1371 464 1469 478 esereuio
1483 464 1494 478 e
1504 464 1584 478 scriven-

1370 492 1384 505 ο
1398 485 1465 512 parler
1484 485 1506 505 in

1370 512 1395 532 dn
1410 518 1468 532 euer
1489 518 1501 532 ι

1370 538 1451 566 capiti?

1544 512 1583 532 tie·

1397 763 1419 784 Sl
1433 762 1495 784 sioni
1514 762 1584 790 quintii

1371 789 1474 810 l'Alidoui
1491 789 1512 810 d'
1523 789 1585 810 attin-

1385 823 1407 837 et
1416 816 1585 844 dnll'uperienu

1370 824 1425 864 {ella
1439 844 1482 864 vita
1501 849 1513 863 e
1531 843 1585 863 dalle

1371 870 1487 918 23:315?
1501 869 1585 929 ⁹⁸³²ss

1372 929 1468 944 :entem
1489 924 1514 944 eal
1535 923 1585 944 enti

1374 957 1415 971 eon
1436 957 1484 971 eun
1503 951 1523 971 di
1542 957 1584 970 me-

1372 978 1459 998 nolu-vi
1475 984 1524 998 mee
1537 983 1586 1004 pue-

1374 1004 1406 1025 rili
1425 1010 1439 1024 ο
1461 1010 1523 1026 meno
1546 1003 1585 1024 ebe

1373 1036 1462 1056 uneeteg
1498 1031 1586 1058 etprim-

1373 1058 1430 1086 gnvi
1444 1058 1469 1078 ed
1481 1058 1585 1078 attenuati

1373 1085 1468 1113 penda-i.
1485 1084 1550 1105 fmno
1564 1084 1585 1104 di

1373 1111 1488 1133 tmen-lom
1495 1116 1584 1136 matun:

1373 1145 1384 1159 ι
1395 1145 1437 1159 non
1450 1138 1498 1158 nolo
1511 1144 1584 1165 espon-

1387 1165 1586 1189 Asamus-mem

1374 1199 1395 1213 m
1401 1191 1585 1220 scen-leporum

1373 1226 1385 1239 ι
1399 1219 1477 1247 pai-lare
1493 1219 1522 1239 od
1535 1224 1584 1245 ope-

1373 1253 1426 1270 me.
1444 1252 1504 1266 eone
1520 1251 1532 1265 ι
1545 1245 1585 1266 d·-

1373 1279 1437 1294 “uun
1449 1272 1518 1293 d’em
1531 1271 1586 1299 αἰγ-

1373 1300 1469 1328 punitae.

1400 1344 1424 1365 ln
1437 1348 1515 1372 ῃωαο
1528 1342 1585 1363 ιῑΙέ-

1373 1371 1457 1399 legam
1469 1370 1525 1391 dello
1537 1370 1586 1390 nerl-

1373 1405 1421 1419 ἐκ
1435 1404 1480 1418 esu
1490 1402 1551 1418 ιιικι
1560 1396 1586 1416 ἀι

1372 1425 1435 1446 nolte
1449 1430 1504 1445 eone.

1409 1513 1493 1535 huual
1529 1517 1585 1533 tutto

1373 1541 1429 1562 dee-i
1438 1547 1498 1562 avere
1508 1539 1585 1568 grnd-

1373 1575 1421 1589 ωτι
1434 1567 1586 1594 ἀιυόηοςη-

1373 1595 1407 1619 fin.
1419 1594 1516 1615 emicem
1526 1595 1586 1614 ιίιιο

1374 1622 1480 1649 ἠηκηιισ
1493 1621 1513 1642 le
1529 1626 1586 1641 eom-

1374 1649 1484 1676 positioni.
1503 1649 1521 1668 αι’
1541 1647 1586 1668 nd-

1374 1675 1499 1723 fflff‘fmh
1509 1680 1586 1722 ‘5²31

1374 1729 1472 1754 enuntio,
