<?xml version="1.0" encoding="UTF-8"?>
<!DOCTYPE html PUBLIC "-//W3C//DTD XHTML 1.0 Transitional//EN"
    "http://www.w3.org/TR/xhtml1/DTD/xhtml1-transitional.dtd">
<html xmlns="http://www.w3.org/1999/xhtml" xml:lang="en" lang="en">
 <head>
  <title>
</title>
<meta http-equiv="Content-Type" content="text/html;charset=utf-8" />
  <meta name='ocr-system' content='tesseract 3.04.00' />
  <meta name='ocr-capabilities' content='ocr_page ocr_carea ocr_par ocr_line ocrx_word'/>
</head>
<body>
  <div class='ocr_page' id='page_1' title='image "./epistolariodicol17saluuoft_0620.png"; bbox 0 0 1682 2762; ppageno 0'>
   <div class='ocr_carea' id='block_1_1' title="bbox 84 347 300 700">
    <p class='ocr_par' dir='ltr' id='par_1_1' title="bbox 84 347 300 423">
     <span class='ocr_line' id='line_1_1' title="bbox 111 347 299 375; baseline 0 -7"><span class='ocrx_word' id='word_1_1' title='bbox 111 348 176 369; x_wconf 75' lang='lat' dir='ltr'>Seuzn</span> <span class='ocrx_word' id='word_1_2' title='bbox 193 347 214 369; x_wconf 73' lang='lat' dir='ltr'>l·</span> <span class='ocrx_word' id='word_1_3' title='bbox 232 348 299 375; x_wconf 81' lang='lat' dir='ltr'>dispo-</span> 
     </span>
     <span class='ocr_line' id='line_1_2' title="bbox 84 375 300 395; baseline 0 0"><span class='ocrx_word' id='word_1_4' title='bbox 84 375 164 395; x_wconf 71' lang='lat' dir='ltr'>sitione</span> <span class='ocrx_word' id='word_1_5' title='bbox 206 375 300 395; x_wconf 72' lang='lat' dir='ltr'>naturaie</span> 
     </span>
     <span class='ocr_line' id='line_1_3' title="bbox 84 402 299 435; baseline 0 -13"><span class='ocrx_word' id='word_1_6' title='bbox 84 409 136 435; x_wconf 57' lang='lat' dir='ltr'>vana</span> <span class='ocrx_word' id='word_1_7' title='bbox 150 403 215 423; x_wconf 72' lang='lat' dir='ltr'>riesce</span> <span class='ocrx_word' id='word_1_8' title='bbox 229 402 299 422; x_wconf 60' lang='lat' dir='ltr'>infanti</span> 
     </span>
    </p>

    <p class='ocr_par' dir='ltr' id='par_1_2' title="bbox 84 429 299 476">
     <span class='ocr_line' id='line_1_4' title="bbox 84 429 299 476; baseline 0 -27"><span class='ocrx_word' id='word_1_9' title='bbox 84 430 135 476; x_wconf 62' lang='grc' dir='ltr'>οἰὲιι</span> <span class='ocrx_word' id='word_1_10' title='bbox 158 429 286 456; x_wconf 74' lang='lat' dir='ltr'>npplicnzion</span> <span class='ocrx_word' id='word_1_11' title='bbox 288 435 299 449; x_wconf 83' lang='lat' dir='ltr'>e</span> 
     </span>
    </p>

    <p class='ocr_par' dir='ltr' id='par_1_3' title="bbox 84 457 300 700">
     <span class='ocr_line' id='line_1_5' title="bbox 137 457 298 484; baseline 0 -8"><span class='ocrx_word' id='word_1_12' title='bbox 137 457 187 484; x_wconf 80' lang='lat' dir='ltr'>ogni</span> <span class='ocrx_word' id='word_1_13' title='bbox 212 457 228 476; x_wconf 93' lang='lat' dir='ltr'>ri</span> <span class='ocrx_word' id='word_1_14' title='bbox 231 463 298 476; x_wconf 17' lang='lat' dir='ltr'>merca</span> 
     </span>
     <span class='ocr_line' id='line_1_6' title="bbox 84 483 299 510; baseline 0 -7"><span class='ocrx_word' id='word_1_15' title='bbox 84 483 134 503; x_wconf 76' lang='lat' dir='ltr'>B-di</span> <span class='ocrx_word' id='word_1_16' title='bbox 147 490 183 510; x_wconf 82' lang='lat' dir='ltr'>per</span> <span class='ocrx_word' id='word_1_17' title='bbox 174 484 224 508; x_wconf 72' lang='lat' dir='ltr'>rcib</span> <span class='ocrx_word' id='word_1_18' title='bbox 236 489 299 510; x_wconf 74' lang='lat' dir='ltr'>quan·</span> 
     </span>
     <span class='ocr_line' id='line_1_7' title="bbox 84 510 299 538; baseline 0 -8"><span class='ocrx_word' id='word_1_19' title='bbox 84 510 111 530; x_wconf 83' lang='lat' dir='ltr'>do</span> <span class='ocrx_word' id='word_1_20' title='bbox 135 510 204 538; x_wconf 69' lang='lat' dir='ltr'>scelgn</span> <span class='ocrx_word' id='word_1_21' title='bbox 221 517 249 530; x_wconf 85' lang='lat' dir='ltr'>un</span> <span class='ocrx_word' id='word_1_22' title='bbox 268 517 299 530; x_wconf 70' lang='lat' dir='ltr'>ar-</span> 
     </span>
     <span class='ocr_line' id='line_1_8' title="bbox 84 537 299 565; baseline -0.005 -8"><span class='ocrx_word' id='word_1_23' title='bbox 84 542 185 565; x_wconf 83' lang='lat' dir='ltr'>gomento</span> <span class='ocrx_word' id='word_1_24' title='bbox 200 538 225 557; x_wconf 75' lang='lat' dir='ltr'>da</span> <span class='ocrx_word' id='word_1_25' title='bbox 245 537 299 557; x_wconf 73' lang='lat' dir='ltr'>uvol-</span> 
     </span>
     <span class='ocr_line' id='line_1_9' title="bbox 85 565 299 591; baseline 0 -7"><span class='ocrx_word' id='word_1_26' title='bbox 85 570 140 591; x_wconf 81' lang='lat' dir='ltr'>gere,</span> <span class='ocrx_word' id='word_1_27' title='bbox 161 571 172 585; x_wconf 81' lang='lat' dir='ltr'>n</span> <span class='ocrx_word' id='word_1_28' title='bbox 194 565 234 584; x_wconf 82' lang='lat' dir='ltr'>ben</span> <span class='ocrx_word' id='word_1_29' title='bbox 256 569 275 584; x_wconf 72' lang='lat' dir='ltr'>tr</span> <span class='ocrx_word' id='word_1_30' title='bbox 277 571 299 584; x_wconf 90' lang='grc' dir='ltr'>ο-</span> 
     </span>
     <span class='ocr_line' id='line_1_10' title="bbox 84 590 299 618; baseline -0.005 -7"><span class='ocrx_word' id='word_1_31' title='bbox 84 598 132 612; x_wconf 66' lang='lat' dir='ltr'>vare</span> <span class='ocrx_word' id='word_1_32' title='bbox 147 591 162 611; x_wconf 92' lang='lat' dir='ltr'>il</span> <span class='ocrx_word' id='word_1_33' title='bbox 176 596 242 618; x_wconf 81' lang='lat' dir='ltr'>punto</span> <span class='ocrx_word' id='word_1_34' title='bbox 257 590 299 611; x_wconf 83' lang='lat' dir='ltr'>cul-</span> 
     </span>
     <span class='ocr_line' id='line_1_11' title="bbox 84 619 300 638; baseline 0 0"><span class='ocrx_word' id='word_1_35' title='bbox 84 619 177 638; x_wconf 81' lang='lat' dir='ltr'>min-me</span> <span class='ocrx_word' id='word_1_36' title='bbox 192 620 278 638; x_wconf 77' lang='lat' dir='ltr'>intorno</span> <span class='ocrx_word' id='word_1_37' title='bbox 288 624 300 638; x_wconf 72' lang='lat' dir='ltr'>a</span> 
     </span>
     <span class='ocr_line' id='line_1_12' title="bbox 84 646 299 672; baseline 0 -7"><span class='ocrx_word' id='word_1_38' title='bbox 84 646 117 666; x_wconf 84' lang='lat' dir='ltr'>cui</span> <span class='ocrx_word' id='word_1_39' title='bbox 131 650 187 666; x_wconf 80' lang='lat' dir='ltr'>mtto</span> <span class='ocrx_word' id='word_1_40' title='bbox 202 646 239 665; x_wconf 85' lang='lat' dir='ltr'>dev</span> <span class='ocrx_word' id='word_1_41' title='bbox 227 652 250 665; x_wconf 86' lang='lat' dir='ltr'>ve</span> <span class='ocrx_word' id='word_1_42' title='bbox 265 652 299 672; x_wconf 77' lang='lat' dir='ltr'>ng-</span> 
     </span>
     <span class='ocr_line' id='line_1_13' title="bbox 85 673 166 700; baseline 0 -8"><span class='ocrx_word' id='word_1_43' title='bbox 85 673 166 700; x_wconf 76' lang='lat' dir='ltr'>girnrsi,</span> 
     </span>
    </p>
   </div>
   <div class='ocr_carea' id='block_1_2' title="bbox 85 876 300 931">
    <p class='ocr_par' dir='ltr' id='par_1_4' title="bbox 85 876 300 931">
     <span class='ocr_line' id='line_1_14' title="bbox 86 876 300 904; baseline 0 -8"><span class='ocrx_word' id='word_1_44' title='bbox 86 876 171 896; x_wconf 69' lang='lat' dir='ltr'>nffinche</span> <span class='ocrx_word' id='word_1_45' title='bbox 181 881 260 904; x_wconf 69' lang='lat' dir='ltr'>quanto</span> <span class='ocrx_word' id='word_1_46' title='bbox 270 876 300 896; x_wconf 80' lang='lat' dir='ltr'>di-</span> 
     </span>
     <span class='ocr_line' id='line_1_15' title="bbox 85 910 299 931; baseline 0 -7"><span class='ocrx_word' id='word_1_47' title='bbox 85 910 108 924; x_wconf 87' lang='lat' dir='ltr'>ce</span> <span class='ocrx_word' id='word_1_48' title='bbox 122 910 222 924; x_wconf 64' lang='lat' dir='ltr'>concurre</span> <span class='ocrx_word' id='word_1_49' title='bbox 230 910 242 924; x_wconf 75' lang='lat' dir='ltr'>a</span> <span class='ocrx_word' id='word_1_50' title='bbox 253 910 299 931; x_wconf 88' lang='lat' dir='ltr'>pro-</span> 
     </span>
    </p>
   </div>
   <div class='ocr_carea' id='block_1_3' title="bbox 86 931 299 986">
    <p class='ocr_par' dir='ltr' id='par_1_5' title="bbox 86 931 299 986">
     <span class='ocr_line' id='line_1_16' title="bbox 86 931 299 952; baseline -0.005 -1"><span class='ocrx_word' id='word_1_51' title='bbox 86 938 132 952; x_wconf 71' lang='lat' dir='ltr'>vnre</span> <span class='ocrx_word' id='word_1_52' title='bbox 146 931 179 952; x_wconf 66' lang='lat' dir='ltr'>eia</span> <span class='ocrx_word' id='word_1_53' title='bbox 196 931 234 952; x_wconf 82' lang='lat' dir='ltr'>che</span> <span class='ocrx_word' id='word_1_54' title='bbox 252 931 269 951; x_wconf 71' lang='lat' dir='ltr'>ti</span> <span class='ocrx_word' id='word_1_55' title='bbox 288 932 299 950; x_wconf 74' lang='lat' dir='ltr'>e</span> 
     </span>
     <span class='ocr_line' id='line_1_17' title="bbox 87 963 202 986; baseline 0 -7"><span class='ocrx_word' id='word_1_56' title='bbox 87 963 202 986; x_wconf 74' lang='lat' dir='ltr'>proposto;</span> 
     </span>
    </p>
   </div>
   <div class='ocr_carea' id='block_1_4' title="bbox 86 1053 302 1210">
    <p class='ocr_par' dir='ltr' id='par_1_6' title="bbox 86 1053 302 1210">
     <span class='ocr_line' id='line_1_18' title="bbox 87 1053 300 1082; baseline -0.009 -8"><span class='ocrx_word' id='word_1_57' title='bbox 87 1054 200 1082; x_wconf 72' lang='lat' dir='ltr'>precisioue</span> <span class='ocrx_word' id='word_1_58' title='bbox 207 1053 228 1074; x_wconf 82' lang='lat' dir='ltr'>d&#39;</span> <span class='ocrx_word' id='word_1_59' title='bbox 236 1053 300 1073; x_wconf 80' lang='lat' dir='ltr'>inten-</span> 
     </span>
     <span class='ocr_line' id='line_1_19' title="bbox 87 1082 300 1108; baseline -0.005 -7"><span class='ocrx_word' id='word_1_60' title='bbox 87 1082 173 1101; x_wconf 80' lang='lat' dir='ltr'>dimemi</span> <span class='ocrx_word' id='word_1_61' title='bbox 221 1084 300 1108; x_wconf 67' lang='lat' dir='ltr'>questa,</span> 
     </span>
     <span class='ocr_line' id='line_1_20' title="bbox 87 1108 301 1134; baseline -0.014 -5"><span class='ocrx_word' id='word_1_62' title='bbox 87 1109 125 1129; x_wconf 83' lang='lat' dir='ltr'>che</span> <span class='ocrx_word' id='word_1_63' title='bbox 132 1109 150 1129; x_wconf 74' lang='lat' dir='ltr'>si</span> <span class='ocrx_word' id='word_1_64' title='bbox 159 1108 237 1128; x_wconf 73' lang='lat' dir='ltr'>ricercn</span> <span class='ocrx_word' id='word_1_65' title='bbox 245 1113 301 1134; x_wconf 76' lang='lat' dir='ltr'>spes-</span> 
     </span>
     <span class='ocr_line' id='line_1_21' title="bbox 87 1140 302 1161; baseline -0.014 -5"><span class='ocrx_word' id='word_1_66' title='bbox 87 1142 110 1156; x_wconf 83' lang='lat' dir='ltr'>so</span> <span class='ocrx_word' id='word_1_67' title='bbox 118 1140 238 1156; x_wconf 68' lang='lat' dir='ltr'>vanni-neme</span> <span class='ocrx_word' id='word_1_68' title='bbox 246 1140 302 1161; x_wconf 78' lang='lat' dir='ltr'>pres-</span> 
     </span>
     <span class='ocr_line' id='line_1_22' title="bbox 86 1162 302 1183; baseline -0.009 0"><span class='ocrx_word' id='word_1_69' title='bbox 86 1169 111 1183; x_wconf 72' lang='lat' dir='ltr'>so</span> <span class='ocrx_word' id='word_1_70' title='bbox 119 1162 180 1183; x_wconf 79' lang='lat' dir='ltr'>moiri</span> <span class='ocrx_word' id='word_1_71' title='bbox 185 1162 261 1182; x_wconf 72' lang='lat' dir='ltr'>:ebben</span> <span class='ocrx_word' id='word_1_72' title='bbox 268 1168 302 1182; x_wconf 70' lang='lat' dir='ltr'>va—</span> 
     </span>
     <span class='ocr_line' id='line_1_23' title="bbox 87 1189 248 1210; baseline -0.006 0"><span class='ocrx_word' id='word_1_73' title='bbox 87 1189 139 1210; x_wconf 72' lang='lat' dir='ltr'>lenti</span> <span class='ocrx_word' id='word_1_74' title='bbox 148 1189 248 1210; x_wconf 72' lang='lat' dir='ltr'>scrittori.</span> 
     </span>
    </p>
   </div>
   <div class='ocr_carea' id='block_1_5' title="bbox 88 1459 305 1837">
    <p class='ocr_par' dir='ltr' id='par_1_7' title="bbox 89 1459 305 1698">
     <span class='ocr_line' id='line_1_24' title="bbox 116 1459 303 1486; baseline -0.011 -6"><span class='ocrx_word' id='word_1_75' title='bbox 116 1459 201 1480; x_wconf 83' lang='lat' dir='ltr'>Procuri</span> <span class='ocrx_word' id='word_1_76' title='bbox 220 1459 303 1486; x_wconf 78' lang='lat' dir='ltr'>dunque</span> 
     </span>
     <span class='ocr_line' id='line_1_25' title="bbox 89 1486 304 1508; baseline -0.014 0"><span class='ocrx_word' id='word_1_77' title='bbox 89 1494 123 1508; x_wconf 76' lang='lat' dir='ltr'>scr</span> <span class='ocrx_word' id='word_1_78' title='bbox 114 1487 222 1508; x_wconf 83' lang='lat' dir='ltr'>rivendodi</span> <span class='ocrx_word' id='word_1_79' title='bbox 229 1486 304 1506; x_wconf 73' lang='lat' dir='ltr'>lusci-r</span> 
     </span>
     <span class='ocr_line' id='line_1_26' title="bbox 89 1516 303 1547; baseline -0.014 -12"><span class='ocrx_word' id='word_1_80' title='bbox 89 1516 116 1535; x_wconf 67' lang='lat' dir='ltr'>da</span> <span class='ocrx_word' id='word_1_81' title='bbox 142 1520 199 1547; x_wconf 54' lang='lat' dir='ltr'>parte</span> <span class='ocrx_word' id='word_1_82' title='bbox 225 1517 303 1540; x_wconf 69' lang='lat' dir='ltr'>quanto</span> 
     </span>
     <span class='ocr_line' id='line_1_27' title="bbox 90 1539 304 1562; baseline 0 0"><span class='ocrx_word' id='word_1_83' title='bbox 90 1549 134 1562; x_wconf 85' lang='grc' dir='ltr'>ιιοιι</span> <span class='ocrx_word' id='word_1_84' title='bbox 171 1548 210 1562; x_wconf 72' lang='lat' dir='ltr'>ova</span> <span class='ocrx_word' id='word_1_85' title='bbox 226 1540 245 1560; x_wconf 81' lang='grc' dir='ltr'>ιΙ</span> <span class='ocrx_word' id='word_1_86' title='bbox 263 1539 304 1559; x_wconf 79' lang='lat' dir='ltr'>fine</span> 
     </span>
     <span class='ocr_line' id='line_1_28' title="bbox 90 1567 304 1604; baseline -0.014 -15"><span class='ocrx_word' id='word_1_87' title='bbox 90 1569 127 1589; x_wconf 79' lang='lat' dir='ltr'>che</span> <span class='ocrx_word' id='word_1_88' title='bbox 141 1575 158 1589; x_wconf 73' lang='grc' dir='ltr'>ει</span> <span class='ocrx_word' id='word_1_89' title='bbox 153 1570 180 1588; x_wconf 75' lang='lat' dir='ltr'>ie</span> <span class='ocrx_word' id='word_1_90' title='bbox 195 1567 294 1604; x_wconf 45' lang='lat' dir='ltr'>prefisso.</span> <span class='ocrx_word' id='word_1_91' title='bbox 293 1573 304 1586; x_wconf 83' lang='lat' dir='ltr'>e</span> 
     </span>
     <span class='ocr_line' id='line_1_29' title="bbox 90 1595 305 1622; baseline -0.01 -6"><span class='ocrx_word' id='word_1_92' title='bbox 90 1596 107 1616; x_wconf 77' lang='lat' dir='ltr'>si</span> <span class='ocrx_word' id='word_1_93' title='bbox 130 1595 192 1616; x_wconf 79' lang='lat' dir='ltr'>sforzi</span> <span class='ocrx_word' id='word_1_94' title='bbox 213 1595 233 1615; x_wconf 84' lang='lat' dir='ltr'>d&#39;</span> <span class='ocrx_word' id='word_1_95' title='bbox 242 1595 305 1622; x_wconf 79' lang='lat' dir='ltr'>espri-</span> 
     </span>
     <span class='ocr_line' id='line_1_30' title="bbox 90 1623 304 1650; baseline -0.01 -7"><span class='ocrx_word' id='word_1_96' title='bbox 90 1630 145 1643; x_wconf 84' lang='lat' dir='ltr'>mere</span> <span class='ocrx_word' id='word_1_97' title='bbox 154 1623 240 1650; x_wconf 80' lang='lat' dir='ltr'>iipropr</span> <span class='ocrx_word' id='word_1_98' title='bbox 255 1628 304 1642; x_wconf 86' lang='lat' dir='ltr'>con-</span> 
     </span>
     <span class='ocr_line' id='line_1_31' title="bbox 90 1651 305 1671; baseline -0.009 -1"><span class='ocrx_word' id='word_1_99' title='bbox 90 1651 140 1671; x_wconf 68' lang='lat' dir='ltr'>certi</span> <span class='ocrx_word' id='word_1_100' title='bbox 163 1656 203 1670; x_wconf 84' lang='lat' dir='ltr'>eon</span> <span class='ocrx_word' id='word_1_101' title='bbox 224 1655 305 1669; x_wconf 72' lang='lat' dir='ltr'>somma</span> 
     </span>
     <span class='ocr_line' id='line_1_32' title="bbox 90 1675 305 1701; baseline -0.015 -3"><span class='ocrx_word' id='word_1_102' title='bbox 90 1678 121 1698; x_wconf 80' lang='lat' dir='ltr'>chi</span> <span class='ocrx_word' id='word_1_103' title='bbox 124 1683 182 1697; x_wconf 76' lang='lat' dir='ltr'>nrezz</span> <span class='ocrx_word' id='word_1_104' title='bbox 184 1683 206 1701; x_wconf 81' lang='grc' dir='ltr'>ι,</span> <span class='ocrx_word' id='word_1_105' title='bbox 229 1677 240 1696; x_wconf 79' lang='grc' dir='ltr'><strong>ὲ</strong></span> <span class='ocrx_word' id='word_1_106' title='bbox 260 1675 305 1696; x_wconf 85' lang='lat' dir='ltr'>vol-</span> 
     </span>
    </p>

    <p class='ocr_par' dir='ltr' id='par_1_8' title="bbox 90 1702 304 1833">
     <span class='ocr_line' id='line_1_33' title="bbox 106 1702 304 1735; baseline -0.01 -11"><span class='ocrx_word' id='word_1_107' title='bbox 106 1711 139 1724; x_wconf 72' lang='lat' dir='ltr'>are</span> <span class='ocrx_word' id='word_1_108' title='bbox 154 1711 176 1724; x_wconf 89' lang='lat' dir='ltr'>er</span> <span class='ocrx_word' id='word_1_109' title='bbox 177 1709 224 1724; x_wconf 86' lang='lat' dir='ltr'>rore</span> <span class='ocrx_word' id='word_1_110' title='bbox 236 1702 304 1735; x_wconf 80' lang='lat' dir='ltr'>quellp</span> 
     </span>
     <span class='ocr_line' id='line_1_34' title="bbox 91 1711 305 1752; baseline -0.01 -1"><span class='ocrx_word' id='word_1_111' title='bbox 91 1711 111 1752; x_wconf 57' lang='lat' dir='ltr'>§i</span> <span class='ocrx_word' id='word_1_112' title='bbox 126 1731 198 1751; x_wconf 82' lang='lat' dir='ltr'>coloro</span> <span class='ocrx_word' id='word_1_113' title='bbox 216 1730 255 1750; x_wconf 81' lang='lat' dir='ltr'>che</span> <span class='ocrx_word' id='word_1_114' title='bbox 269 1730 305 1749; x_wconf 72' lang='lat' dir='ltr'>sri-</span> 
     </span>
     <span class='ocr_line' id='line_1_35' title="bbox 88 1760 305 1785; baseline -0.01 -5.981"><span class='ocrx_word' id='word_1_115' title='bbox 88 1760 153 1779; x_wconf 78' lang='lat' dir='ltr'>&#39;mnno</span> <span class='ocrx_word' id='word_1_116' title='bbox 176 1764 211 1785; x_wconf 67' lang='lat' dir='ltr'>par</span> <span class='ocrx_word' id='word_1_117' title='bbox 213 1764 235 1777; x_wconf 86' lang='lat' dir='ltr'>er</span> <span class='ocrx_word' id='word_1_118' title='bbox 258 1763 305 1784; x_wconf 80' lang='lat' dir='ltr'>pro-</span> 
     </span>
     <span class='ocr_line' id='line_1_36' title="bbox 91 1784 304 1812; baseline -0.009 -7"><span class='ocrx_word' id='word_1_119' title='bbox 91 1785 149 1805; x_wconf 82' lang='lat' dir='ltr'>fondi</span> <span class='ocrx_word' id='word_1_120' title='bbox 164 1784 238 1812; x_wconf 75' lang='lat' dir='ltr'>perche</span> <span class='ocrx_word' id='word_1_121' title='bbox 252 1790 304 1804; x_wconf 81' lang='lat' dir='ltr'>sono</span> 
     </span>
     <span class='ocr_line' id='line_1_37' title="bbox 92 1813 172 1837; baseline -0.014 -4"><span class='ocrx_word' id='word_1_122' title='bbox 92 1813 172 1837; x_wconf 76' lang='lat' dir='ltr'>oscuri;</span> 
     </span>
    </p>
   </div>
   <div class='ocr_carea' id='block_1_6' title="bbox 91 1874 307 2037">
    <p class='ocr_par' dir='ltr' id='par_1_9' title="bbox 91 1874 307 2032">
     <span class='ocr_line' id='line_1_38' title="bbox 91 1874 306 1897; baseline -0.014 0"><span class='ocrx_word' id='word_1_123' title='bbox 91 1884 103 1897; x_wconf 86' lang='lat' dir='ltr'>e</span> <span class='ocrx_word' id='word_1_124' title='bbox 116 1877 219 1897; x_wconf 77' lang='lat' dir='ltr'>Cicerone</span> <span class='ocrx_word' id='word_1_125' title='bbox 233 1875 247 1895; x_wconf 90' lang='lat' dir='ltr'>li</span> <span class='ocrx_word' id='word_1_126' title='bbox 261 1874 306 1895; x_wconf 68' lang='lat' dir='ltr'>bin-</span> 
     </span>
     <span class='ocr_line' id='line_1_39' title="bbox 91 1902 305 1924; baseline -0.015 0"><span class='ocrx_word' id='word_1_127' title='bbox 91 1905 144 1924; x_wconf 74' lang='lat' dir='ltr'>sim·</span> <span class='ocrx_word' id='word_1_128' title='bbox 154 1911 165 1924; x_wconf 84' lang='grc' dir='ltr'>ι</span> <span class='ocrx_word' id='word_1_129' title='bbox 199 1910 224 1923; x_wconf 80' lang='grc' dir='ltr'>ιιι</span> <span class='ocrx_word' id='word_1_130' title='bbox 212 1902 305 1922; x_wconf 66' lang='lat' dir='ltr'>ndu-into</span> 
     </span>
     <span class='ocr_line' id='line_1_40' title="bbox 119 1930 295 1951; baseline -0.013 0"><span class='ocrx_word' id='word_1_131' title='bbox 119 1931 145 1951; x_wconf 87' lang='lat' dir='ltr'>Se</span> <span class='ocrx_word' id='word_1_132' title='bbox 154 1931 174 1950; x_wconf 85' lang='lat' dir='ltr'>di</span> <span class='ocrx_word' id='word_1_133' title='bbox 185 1931 221 1950; x_wconf 70' lang='lat' dir='ltr'>atti</span> <span class='ocrx_word' id='word_1_134' title='bbox 215 1930 249 1949; x_wconf 78' lang='lat' dir='ltr'>isi</span> <span class='ocrx_word' id='word_1_135' title='bbox 243 1935 295 1949; x_wconf 78' lang='grc' dir='ltr'>ιιικ</span> 
     </span>
     <span class='ocr_line' id='line_1_41' title="bbox 91 1939 307 2037; baseline -0.009 -32"><span class='ocrx_word' id='word_1_136' title='bbox 91 1965 149 2037; x_wconf 61' lang='lat' dir='ltr'>:laeseer</span> <span class='ocrx_word' id='word_1_137' title='bbox 162 1939 307 2010; x_wconf 45' lang='lat' dir='ltr'>⁸:ruzil-dapgeli</span> 
     </span>
    </p>

    <p class='ocr_par' dir='ltr' id='par_1_10' title="bbox 112 2013 138 2032">
     <span class='ocr_line' id='line_1_42' title="bbox 112 2013 138 2032; baseline 0 0"><span class='ocrx_word' id='word_1_138' title='bbox 112 2013 138 2032; x_wconf 75' lang='lat' dir='ltr'>tri</span> 
     </span>
    </p>
   </div>
   <div class='ocr_carea' id='block_1_7' title="bbox 331 211 1103 245">
    <p class='ocr_par' dir='ltr' id='par_1_11' title="bbox 331 211 1103 245">
     <span class='ocr_line' id='line_1_43' title="bbox 331 211 1103 245; baseline 0.003 -3"><span class='ocrx_word' id='word_1_139' title='bbox 331 211 398 242; x_wconf 86' lang='lat'>606</span> <span class='ocrx_word' id='word_1_140' title='bbox 756 215 1103 245; x_wconf 83' lang='lat' dir='ltr'>EPISTOLARIO</span> 
     </span>
    </p>
   </div>
   <div class='ocr_carea' id='block_1_8' title="bbox 327 341 1543 2088">
    <p class='ocr_par' dir='ltr' id='par_1_12' title="bbox 327 341 1543 1441">
     <span class='ocr_line' id='line_1_44' title="bbox 328 341 1536 387; baseline 0.001 -11"><span class='ocrx_word' id='word_1_141' title='bbox 328 343 401 376; x_wconf 86' lang='lat' dir='ltr'>artis</span> <span class='ocrx_word' id='word_1_142' title='bbox 421 341 681 387; x_wconf 88' lang='lat' dir='ltr'>preceptionibus</span> <span class='ocrx_word' id='word_1_143' title='bbox 698 341 784 375; x_wconf 90' lang='lat' dir='ltr'>bona</span> <span class='ocrx_word' id='word_1_144' title='bbox 800 351 875 376; x_wconf 90' lang='lat' dir='ltr'>sunt</span> <span class='ocrx_word' id='word_1_145' title='bbox 890 350 922 376; x_wconf 87' lang='lat' dir='ltr'>et</span> <span class='ocrx_word' id='word_1_146' title='bbox 937 354 999 387; x_wconf 94' lang='lat' dir='ltr'>que</span> <span class='ocrx_word' id='word_1_147' title='bbox 1020 342 1159 376; x_wconf 90' lang='lat' dir='ltr'>reddunt</span> <span class='ocrx_word' id='word_1_148' title='bbox 1178 341 1333 377; x_wconf 85' lang='lat' dir='ltr'>artificem</span> <span class='ocrx_word' id='word_1_149' title='bbox 1351 343 1536 385; x_wconf 89' lang='lat' dir='ltr'>certiorem;</span> 
     </span>
     <span class='ocr_line' id='line_1_45' title="bbox 328 401 1538 444; baseline 0.002 -10"><span class='ocrx_word' id='word_1_150' title='bbox 328 401 400 435; x_wconf 84' lang='lat' dir='ltr'>fons</span> <span class='ocrx_word' id='word_1_151' title='bbox 425 410 534 435; x_wconf 90' lang='lat' dir='ltr'>autem</span> <span class='ocrx_word' id='word_1_152' title='bbox 558 401 755 434; x_wconf 88' lang='lat' dir='ltr'>inventionis</span> <span class='ocrx_word' id='word_1_153' title='bbox 774 410 887 435; x_wconf 88' lang='lat' dir='ltr'>natura</span> <span class='ocrx_word' id='word_1_154' title='bbox 906 411 965 441; x_wconf 88' lang='lat' dir='ltr'>est,</span> <span class='ocrx_word' id='word_1_155' title='bbox 981 402 1072 435; x_wconf 88' lang='lat' dir='ltr'>cuius</span> <span class='ocrx_word' id='word_1_156' title='bbox 1091 401 1218 435; x_wconf 78' lang='lat' dir='ltr'>bonitas</span> <span class='ocrx_word' id='word_1_157' title='bbox 1237 402 1263 435; x_wconf 92' lang='lat' dir='ltr'>si</span> <span class='ocrx_word' id='word_1_158' title='bbox 1283 401 1429 444; x_wconf 84' lang='lat' dir='ltr'>defuerit,</span> <span class='ocrx_word' id='word_1_159' title='bbox 1450 402 1538 436; x_wconf 85' lang='lat' dir='ltr'>nulla</span> 
     </span>
     <span class='ocr_line' id='line_1_46' title="bbox 327 458 1539 505; baseline 0.001 -12"><span class='ocrx_word' id='word_1_160' title='bbox 327 460 446 504; x_wconf 87' lang='lat' dir='ltr'>poterit</span> <span class='ocrx_word' id='word_1_161' title='bbox 466 458 648 493; x_wconf 85' lang='lat' dir='ltr'>eruditione</span> <span class='ocrx_word' id='word_1_162' title='bbox 664 460 776 503; x_wconf 89' lang='lat' dir='ltr'>parari.</span> <span class='ocrx_word' id='word_1_163' title='bbox 823 471 927 494; x_wconf 88' lang='lat' dir='ltr'>unum</span> <span class='ocrx_word' id='word_1_164' title='bbox 946 469 1055 494; x_wconf 88' lang='lat' dir='ltr'>tamen</span> <span class='ocrx_word' id='word_1_165' title='bbox 1075 469 1107 494; x_wconf 91' lang='lat' dir='ltr'>te</span> <span class='ocrx_word' id='word_1_166' title='bbox 1127 460 1292 494; x_wconf 88' lang='lat' dir='ltr'>monuisse</span> <span class='ocrx_word' id='word_1_167' title='bbox 1308 460 1420 501; x_wconf 87' lang='lat' dir='ltr'>velim,</span> <span class='ocrx_word' id='word_1_168' title='bbox 1437 460 1539 505; x_wconf 90' lang='lat' dir='ltr'>quod,</span> 
     </span>
     <span class='ocr_line' id='line_1_47' title="bbox 329 517 1539 563; baseline 0.002 -12"><span class='ocrx_word' id='word_1_169' title='bbox 329 530 404 551; x_wconf 87' lang='lat' dir='ltr'>curn</span> <span class='ocrx_word' id='word_1_170' title='bbox 428 530 528 551; x_wconf 90' lang='lat' dir='ltr'>omne</span> <span class='ocrx_word' id='word_1_171' title='bbox 553 517 751 551; x_wconf 88' lang='lat' dir='ltr'>rhetoricum</span> <span class='ocrx_word' id='word_1_172' title='bbox 776 517 886 552; x_wconf 87' lang='lat' dir='ltr'>thema</span> <span class='ocrx_word' id='word_1_173' title='bbox 910 517 1051 563; x_wconf 85' lang='lat' dir='ltr'>aliquam</span> <span class='ocrx_word' id='word_1_174' title='bbox 1076 518 1191 552; x_wconf 85' lang='lat' dir='ltr'>habeat</span> <span class='ocrx_word' id='word_1_175' title='bbox 1215 520 1480 560; x_wconf 87' lang='lat' dir='ltr'>controversiam,</span> <span class='ocrx_word' id='word_1_176' title='bbox 1505 519 1539 554; x_wconf 90' lang='lat' dir='ltr'>in</span> 
     </span>
     <span class='ocr_line' id='line_1_48' title="bbox 329 575 1539 621; baseline 0.002 -12"><span class='ocrx_word' id='word_1_177' title='bbox 329 575 467 610; x_wconf 91' lang='lat' dir='ltr'>dicendo</span> <span class='ocrx_word' id='word_1_178' title='bbox 482 577 638 620; x_wconf 89' lang='lat' dir='ltr'>positam;</span> <span class='ocrx_word' id='word_1_179' title='bbox 659 575 735 609; x_wconf 86' lang='lat' dir='ltr'>alias</span> <span class='ocrx_word' id='word_1_180' title='bbox 755 586 865 610; x_wconf 89' lang='lat' dir='ltr'>autem</span> <span class='ocrx_word' id='word_1_181' title='bbox 882 586 966 611; x_wconf 89' lang='lat' dir='ltr'>esset</span> <span class='ocrx_word' id='word_1_182' title='bbox 985 589 1063 621; x_wconf 92' lang='lat' dir='ltr'>pura</span> <span class='ocrx_word' id='word_1_183' title='bbox 1081 577 1235 618; x_wconf 80' lang='lat' dir='ltr'>narrati03</span> <span class='ocrx_word' id='word_1_184' title='bbox 1255 589 1387 612; x_wconf 89' lang='lat' dir='ltr'>necesse</span> <span class='ocrx_word' id='word_1_185' title='bbox 1405 577 1442 612; x_wconf 89' lang='lat' dir='ltr'>fit</span> <span class='ocrx_word' id='word_1_186' title='bbox 1464 587 1539 612; x_wconf 88' lang='lat' dir='ltr'>ante</span> 
     </span>
     <span class='ocr_line' id='line_1_49' title="bbox 328 634 1538 680; baseline 0.002 -13"><span class='ocrx_word' id='word_1_187' title='bbox 328 635 441 668; x_wconf 90' lang='lat' dir='ltr'>omnia</span> <span class='ocrx_word' id='word_1_188' title='bbox 460 635 598 678; x_wconf 90' lang='lat' dir='ltr'>reperire</span> <span class='ocrx_word' id='word_1_189' title='bbox 618 634 774 679; x_wconf 88' lang='lat' dir='ltr'>quidnam</span> <span class='ocrx_word' id='word_1_190' title='bbox 798 635 839 668; x_wconf 91' lang='lat' dir='ltr'>sit</span> <span class='ocrx_word' id='word_1_191' title='bbox 862 635 951 676; x_wconf 88' lang='lat' dir='ltr'>illud,</span> <span class='ocrx_word' id='word_1_192' title='bbox 970 635 1002 668; x_wconf 91' lang='lat' dir='ltr'>in</span> <span class='ocrx_word' id='word_1_193' title='bbox 1023 646 1089 680; x_wconf 89' lang='lat' dir='ltr'>quo</span> <span class='ocrx_word' id='word_1_194' title='bbox 1110 636 1276 670; x_wconf 89' lang='lat' dir='ltr'>contentio</span> <span class='ocrx_word' id='word_1_195' title='bbox 1295 645 1364 670; x_wconf 88' lang='lat' dir='ltr'>tota</span> <span class='ocrx_word' id='word_1_196' title='bbox 1384 645 1538 677; x_wconf 85' lang='lat' dir='ltr'>versatur,</span> 
     </span>
     <span class='ocr_line' id='line_1_50' title="bbox 329 692 1539 738; baseline 0.002 -12"><span class='ocrx_word' id='word_1_197' title='bbox 329 702 364 726; x_wconf 90' lang='lat' dir='ltr'>ut</span> <span class='ocrx_word' id='word_1_198' title='bbox 388 692 427 726; x_wconf 89' lang='lat' dir='ltr'>ad</span> <span class='ocrx_word' id='word_1_199' title='bbox 451 692 496 733; x_wconf 90' lang='lat' dir='ltr'>id,</span> <span class='ocrx_word' id='word_1_200' title='bbox 519 692 612 726; x_wconf 87' lang='lat' dir='ltr'>sicuti</span> <span class='ocrx_word' id='word_1_201' title='bbox 636 693 790 737; x_wconf 84' lang='lat' dir='ltr'>sagittarii</span> <span class='ocrx_word' id='word_1_202' title='bbox 813 693 944 737; x_wconf 86' lang='lat' dir='ltr'>sagittas</span> <span class='ocrx_word' id='word_1_203' title='bbox 968 693 1008 726; x_wconf 83' lang='lat' dir='ltr'>ad</span> <span class='ocrx_word' id='word_1_204' title='bbox 1031 694 1175 738; x_wconf 87' lang='lat' dir='ltr'>signum,</span> <span class='ocrx_word' id='word_1_205' title='bbox 1190 695 1236 728; x_wconf 89' lang='lat' dir='ltr'>sic</span> <span class='ocrx_word' id='word_1_206' title='bbox 1259 706 1277 728; x_wconf 89' lang='lat' dir='ltr'>a</span> <span class='ocrx_word' id='word_1_207' title='bbox 1301 704 1344 735; x_wconf 92' lang='lat' dir='ltr'>te,</span> <span class='ocrx_word' id='word_1_208' title='bbox 1364 706 1440 729; x_wconf 89' lang='lat' dir='ltr'>cum</span> <span class='ocrx_word' id='word_1_209' title='bbox 1463 695 1539 728; x_wconf 81' lang='lat' dir='ltr'>scri-</span> 
     </span>
     <span class='ocr_line' id='line_1_51' title="bbox 328 750 1540 797; baseline 0.002 -12"><span class='ocrx_word' id='word_1_210' title='bbox 328 751 427 795; x_wconf 91' lang='lat' dir='ltr'>pseris</span> <span class='ocrx_word' id='word_1_211' title='bbox 443 760 498 784; x_wconf 89' lang='lat' dir='ltr'>aut</span> <span class='ocrx_word' id='word_1_212' title='bbox 514 750 612 791; x_wconf 89' lang='lat' dir='ltr'>dices,</span> <span class='ocrx_word' id='word_1_213' title='bbox 629 751 810 785; x_wconf 89' lang='lat' dir='ltr'>secundum</span> <span class='ocrx_word' id='word_1_214' title='bbox 830 761 953 796; x_wconf 86' lang='lat' dir='ltr'>partem</span> <span class='ocrx_word' id='word_1_215' title='bbox 972 763 1069 796; x_wconf 90' lang='lat' dir='ltr'>quam</span> <span class='ocrx_word' id='word_1_216' title='bbox 1085 752 1220 797; x_wconf 86' lang='lat' dir='ltr'>elegeris</span> <span class='ocrx_word' id='word_1_217' title='bbox 1233 762 1303 787; x_wconf 88' lang='lat' dir='ltr'>tota</span> <span class='ocrx_word' id='word_1_218' title='bbox 1320 753 1418 788; x_wconf 88' lang='lat' dir='ltr'>simul</span> <span class='ocrx_word' id='word_1_219' title='bbox 1436 753 1540 788; x_wconf 80' lang='lat' dir='ltr'>oratio</span> 
     </span>
     <span class='ocr_line' id='line_1_52' title="bbox 329 809 1539 857; baseline 0.003 -15"><span class='ocrx_word' id='word_1_220' title='bbox 329 818 360 843; x_wconf 91' lang='lat' dir='ltr'>et</span> <span class='ocrx_word' id='word_1_221' title='bbox 380 821 495 843; x_wconf 91' lang='lat' dir='ltr'>omnes</span> <span class='ocrx_word' id='word_1_222' title='bbox 515 810 584 843; x_wconf 90' lang='lat' dir='ltr'>eius</span> <span class='ocrx_word' id='word_1_223' title='bbox 604 819 708 854; x_wconf 88' lang='lat' dir='ltr'>partes</span> <span class='ocrx_word' id='word_1_224' title='bbox 727 819 759 843; x_wconf 91' lang='lat' dir='ltr'>et</span> <span class='ocrx_word' id='word_1_225' title='bbox 782 809 866 851; x_wconf 89' lang='lat' dir='ltr'>filus,</span> <span class='ocrx_word' id='word_1_226' title='bbox 887 820 922 844; x_wconf 90' lang='lat' dir='ltr'>ut</span> <span class='ocrx_word' id='word_1_227' title='bbox 946 811 989 844; x_wconf 87' lang='lat' dir='ltr'>ita</span> <span class='ocrx_word' id='word_1_228' title='bbox 1007 810 1157 852; x_wconf 86' lang='lat' dir='ltr'>dixerim,</span> <span class='ocrx_word' id='word_1_229' title='bbox 1177 811 1326 846; x_wconf 89' lang='lat' dir='ltr'>dictionis</span> <span class='ocrx_word' id='word_1_230' title='bbox 1345 822 1464 857; x_wconf 84' lang='lat' dir='ltr'>quanta</span> <span class='ocrx_word' id='word_1_231' title='bbox 1482 825 1539 846; x_wconf 84' lang='lat' dir='ltr'>ve-</span> 
     </span>
     <span class='ocr_line' id='line_1_53' title="bbox 329 868 1541 915; baseline 0.004 -14"><span class='ocrx_word' id='word_1_232' title='bbox 329 868 495 902; x_wconf 87' lang='lat' dir='ltr'>hementia</span> <span class='ocrx_word' id='word_1_233' title='bbox 524 878 708 913; x_wconf 90' lang='lat' dir='ltr'>quantaque</span> <span class='ocrx_word' id='word_1_234' title='bbox 740 868 907 914; x_wconf 81' lang='lat' dir='ltr'>diligentia</span> <span class='ocrx_word' id='word_1_235' title='bbox 940 869 1008 903; x_wconf 88' lang='lat' dir='ltr'>fieri</span> <span class='ocrx_word' id='word_1_236' title='bbox 1036 872 1156 914; x_wconf 88' lang='lat' dir='ltr'>poterit</span> <span class='ocrx_word' id='word_1_237' title='bbox 1186 870 1353 915; x_wconf 80' lang='lat' dir='ltr'>dirigatur3</span> <span class='ocrx_word' id='word_1_238' title='bbox 1377 881 1413 905; x_wconf 91' lang='lat' dir='ltr'>ut</span> <span class='ocrx_word' id='word_1_239' title='bbox 1443 871 1541 906; x_wconf 88' lang='lat' dir='ltr'>nichil</span> 
     </span>
     <span class='ocr_line' id='line_1_54' title="bbox 328 927 1540 974; baseline 0.004 -15"><span class='ocrx_word' id='word_1_240' title='bbox 328 927 467 960; x_wconf 88' lang='lat' dir='ltr'>omnino</span> <span class='ocrx_word' id='word_1_241' title='bbox 486 927 526 960; x_wconf 91' lang='lat' dir='ltr'>sit</span> <span class='ocrx_word' id='word_1_242' title='bbox 544 927 578 960; x_wconf 88' lang='lat' dir='ltr'>in</span> <span class='ocrx_word' id='word_1_243' title='bbox 598 927 747 960; x_wconf 89' lang='lat' dir='ltr'>universa</span> <span class='ocrx_word' id='word_1_244' title='bbox 767 927 931 961; x_wconf 90' lang='lat' dir='ltr'>locutione</span> <span class='ocrx_word' id='word_1_245' title='bbox 950 927 1038 972; x_wconf 89' lang='lat' dir='ltr'>quod</span> <span class='ocrx_word' id='word_1_246' title='bbox 1063 928 1103 962; x_wconf 90' lang='lat' dir='ltr'>ad</span> <span class='ocrx_word' id='word_1_247' title='bbox 1127 928 1160 962; x_wconf 92' lang='lat' dir='ltr'>id</span> <span class='ocrx_word' id='word_1_248' title='bbox 1183 929 1386 973; x_wconf 90' lang='lat' dir='ltr'>probandum</span> <span class='ocrx_word' id='word_1_249' title='bbox 1410 940 1540 974; x_wconf 83' lang='lat' dir='ltr'>persua-</span> 
     </span>
     <span class='ocr_line' id='line_1_55' title="bbox 329 984 1540 1032; baseline 0.002 -13"><span class='ocrx_word' id='word_1_250' title='bbox 329 985 538 1030; x_wconf 87' lang='lat' dir='ltr'>dendumque</span> <span class='ocrx_word' id='word_1_251' title='bbox 555 985 607 1019; x_wconf 91' lang='lat' dir='ltr'>vel</span> <span class='ocrx_word' id='word_1_252' title='bbox 626 984 878 1020; x_wconf 88' lang='lat' dir='ltr'>dissuadendum</span> <span class='ocrx_word' id='word_1_253' title='bbox 902 986 991 1030; x_wconf 88' lang='lat' dir='ltr'>quod</span> <span class='ocrx_word' id='word_1_254' title='bbox 1015 986 1190 1021; x_wconf 90' lang='lat' dir='ltr'>intenderis</span> <span class='ocrx_word' id='word_1_255' title='bbox 1213 999 1281 1021; x_wconf 91' lang='lat' dir='ltr'>non</span> <span class='ocrx_word' id='word_1_256' title='bbox 1305 987 1462 1032; x_wconf 87' lang='lat' dir='ltr'>apposite,</span> <span class='ocrx_word' id='word_1_257' title='bbox 1477 987 1540 1022; x_wconf 89' lang='lat' dir='ltr'>hoc</span> 
     </span>
     <span class='ocr_line' id='line_1_56' title="bbox 329 1043 1542 1091; baseline 0.002 -13"><span class='ocrx_word' id='word_1_258' title='bbox 329 1054 377 1078; x_wconf 89' lang='lat' dir='ltr'>est</span> <span class='ocrx_word' id='word_1_259' title='bbox 410 1044 538 1085; x_wconf 91' lang='lat' dir='ltr'>idonee,</span> <span class='ocrx_word' id='word_1_260' title='bbox 570 1043 750 1078; x_wconf 89' lang='lat' dir='ltr'>reducatur.</span> <span class='ocrx_word' id='word_1_261' title='bbox 797 1045 830 1078; x_wconf 96' lang='lat' dir='ltr'>in</span> <span class='ocrx_word' id='word_1_262' title='bbox 861 1056 926 1089; x_wconf 89' lang='lat' dir='ltr'>quo</span> <span class='ocrx_word' id='word_1_263' title='bbox 950 1044 1083 1089; x_wconf 86' lang='lat' dir='ltr'>quidem</span> <span class='ocrx_word' id='word_1_264' title='bbox 1113 1045 1234 1080; x_wconf 89' lang='lat' dir='ltr'>multos</span> <span class='ocrx_word' id='word_1_265' title='bbox 1261 1046 1327 1080; x_wconf 90' lang='lat' dir='ltr'>vidi</span> <span class='ocrx_word' id='word_1_266' title='bbox 1358 1046 1542 1091; x_wconf 87' lang='lat' dir='ltr'>frequenter</span> 
     </span>
     <span class='ocr_line' id='line_1_57' title="bbox 329 1102 1542 1150; baseline 0.003 -14"><span class='ocrx_word' id='word_1_267' title='bbox 329 1115 441 1144; x_wconf 88' lang='lat' dir='ltr'>errare,</span> <span class='ocrx_word' id='word_1_268' title='bbox 462 1115 537 1136; x_wconf 88' lang='lat' dir='ltr'>cum</span> <span class='ocrx_word' id='word_1_269' title='bbox 556 1102 728 1147; x_wconf 91' lang='lat' dir='ltr'>splendore</span> <span class='ocrx_word' id='word_1_270' title='bbox 748 1103 981 1137; x_wconf 87' lang='lat' dir='ltr'>sententiarum</span> <span class='ocrx_word' id='word_1_271' title='bbox 1001 1103 1088 1138; x_wconf 89' lang='lat' dir='ltr'>ducti</span> <span class='ocrx_word' id='word_1_272' title='bbox 1106 1104 1250 1139; x_wconf 90' lang='lat' dir='ltr'>scribunt</span> <span class='ocrx_word' id='word_1_273' title='bbox 1267 1117 1331 1150; x_wconf 90' lang='lat' dir='ltr'>que</span> <span class='ocrx_word' id='word_1_274' title='bbox 1350 1105 1542 1150; x_wconf 86' lang='lat' dir='ltr'>pulcerrima</span> 
     </span>
     <span class='ocr_line' id='line_1_58' title="bbox 329 1161 1542 1208; baseline 0.003 -13"><span class='ocrx_word' id='word_1_275' title='bbox 329 1171 405 1196; x_wconf 89' lang='lat' dir='ltr'>sunt</span> <span class='ocrx_word' id='word_1_276' title='bbox 428 1171 461 1195; x_wconf 87' lang='lat' dir='ltr'>et</span> <span class='ocrx_word' id='word_1_277' title='bbox 483 1162 577 1202; x_wconf 85' lang='lat' dir='ltr'>seria,</span> <span class='ocrx_word' id='word_1_278' title='bbox 591 1173 667 1195; x_wconf 90' lang='lat' dir='ltr'>cum</span> <span class='ocrx_word' id='word_1_279' title='bbox 691 1170 800 1195; x_wconf 88' lang='lat' dir='ltr'>tamen</span> <span class='ocrx_word' id='word_1_280' title='bbox 826 1161 865 1196; x_wconf 92' lang='lat' dir='ltr'>ad</span> <span class='ocrx_word' id='word_1_281' title='bbox 889 1161 922 1195; x_wconf 94' lang='lat' dir='ltr'>id</span> <span class='ocrx_word' id='word_1_282' title='bbox 946 1162 1035 1207; x_wconf 88' lang='lat' dir='ltr'>quod</span> <span class='ocrx_word' id='word_1_283' title='bbox 1058 1162 1254 1197; x_wconf 78' lang='lat' dir='ltr'>intenderint</span> <span class='ocrx_word' id='word_1_284' title='bbox 1276 1175 1337 1197; x_wconf 88' lang='lat' dir='ltr'>nec</span> <span class='ocrx_word' id='word_1_285' title='bbox 1359 1164 1542 1208; x_wconf 85' lang='lat' dir='ltr'>pertineant</span> 
     </span>
     <span class='ocr_line' id='line_1_59' title="bbox 330 1220 1541 1267; baseline 0.002 -13"><span class='ocrx_word' id='word_1_286' title='bbox 330 1232 391 1254; x_wconf 90' lang='lat' dir='ltr'>nec</span> <span class='ocrx_word' id='word_1_287' title='bbox 422 1221 561 1265; x_wconf 83' lang='lat' dir='ltr'>prosint3</span> <span class='ocrx_word' id='word_1_288' title='bbox 586 1220 676 1265; x_wconf 91' lang='lat' dir='ltr'>quod</span> <span class='ocrx_word' id='word_1_289' title='bbox 709 1220 847 1255; x_wconf 88' lang='lat' dir='ltr'>levitatis</span> <span class='ocrx_word' id='word_1_290' title='bbox 878 1230 936 1255; x_wconf 90' lang='lat' dir='ltr'>est.</span> <span class='ocrx_word' id='word_1_291' title='bbox 990 1222 1059 1255; x_wconf 92' lang='lat' dir='ltr'>imo</span> <span class='ocrx_word' id='word_1_292' title='bbox 1087 1233 1161 1256; x_wconf 90' lang='lat' dir='ltr'>cum</span> <span class='ocrx_word' id='word_1_293' title='bbox 1194 1222 1384 1267; x_wconf 90' lang='lat' dir='ltr'>plerumque</span> <span class='ocrx_word' id='word_1_294' title='bbox 1414 1222 1541 1258; x_wconf 80' lang='lat' dir='ltr'>dicendi</span> 
     </span>
     <span class='ocr_line' id='line_1_60' title="bbox 330 1278 1536 1326; baseline 0.002 -14"><span class='ocrx_word' id='word_1_295' title='bbox 330 1278 471 1324; x_wconf 89' lang='lat' dir='ltr'>quadam</span> <span class='ocrx_word' id='word_1_296' title='bbox 498 1279 628 1313; x_wconf 87' lang='lat' dir='ltr'>libidine</span> <span class='ocrx_word' id='word_1_297' title='bbox 651 1279 825 1324; x_wconf 85' lang='lat' dir='ltr'>rapiantur,</span> <span class='ocrx_word' id='word_1_298' title='bbox 848 1279 902 1313; x_wconf 91' lang='lat' dir='ltr'>illa</span> <span class='ocrx_word' id='word_1_299' title='bbox 926 1279 1038 1314; x_wconf 90' lang='lat' dir='ltr'>dicunt</span> <span class='ocrx_word' id='word_1_300' title='bbox 1061 1292 1124 1324; x_wconf 93' lang='lat' dir='ltr'>que</span> <span class='ocrx_word' id='word_1_301' title='bbox 1147 1282 1248 1315; x_wconf 87' lang='lat' dir='ltr'>totius</span> <span class='ocrx_word' id='word_1_302' title='bbox 1271 1281 1460 1316; x_wconf 89' lang='lat' dir='ltr'>intentionis</span> <span class='ocrx_word' id='word_1_303' title='bbox 1482 1293 1536 1326; x_wconf 89' lang='lat' dir='ltr'>op-</span> 
     </span>
     <span class='ocr_line' id='line_1_61' title="bbox 330 1338 1543 1385; baseline 0.002 -14"><span class='ocrx_word' id='word_1_304' title='bbox 330 1338 484 1382; x_wconf 85' lang='lat' dir='ltr'>positum,</span> <span class='ocrx_word' id='word_1_305' title='bbox 510 1350 578 1371; x_wconf 90' lang='lat' dir='ltr'>non</span> <span class='ocrx_word' id='word_1_306' title='bbox 611 1338 827 1383; x_wconf 88' lang='lat' dir='ltr'>propositum,</span> <span class='ocrx_word' id='word_1_307' title='bbox 859 1348 1141 1384; x_wconf 87' lang='lat' dir='ltr'>argumentantur;</span> <span class='ocrx_word' id='word_1_308' title='bbox 1165 1339 1254 1384; x_wconf 90' lang='lat' dir='ltr'>quod</span> <span class='ocrx_word' id='word_1_309' title='bbox 1281 1340 1425 1374; x_wconf 84' lang='lat' dir='ltr'>maxime</span> <span class='ocrx_word' id='word_1_310' title='bbox 1448 1341 1543 1385; x_wconf 89' lang='lat' dir='ltr'>igno-</span> 
     </span>
     <span class='ocr_line' id='line_1_62' title="bbox 331 1397 668 1441; baseline 0.003 -12"><span class='ocrx_word' id='word_1_311' title='bbox 331 1397 433 1430; x_wconf 90' lang='lat' dir='ltr'>rantie</span> <span class='ocrx_word' id='word_1_312' title='bbox 454 1406 501 1430; x_wconf 89' lang='lat' dir='ltr'>est</span> <span class='ocrx_word' id='word_1_313' title='bbox 525 1397 668 1441; x_wconf 88' lang='lat' dir='ltr'>signum.</span> 
     </span>
    </p>

    <p class='ocr_par' dir='ltr' id='par_1_13' title="bbox 332 1455 1543 2088">
     <span class='ocr_line' id='line_1_63' title="bbox 400 1455 1542 1502; baseline 0.003 -14"><span class='ocrx_word' id='word_1_314' title='bbox 400 1455 524 1489; x_wconf 88' lang='lat' dir='ltr'>Cautus</span> <span class='ocrx_word' id='word_1_315' title='bbox 549 1466 628 1499; x_wconf 90' lang='lat' dir='ltr'>ergo</span> <span class='ocrx_word' id='word_1_316' title='bbox 652 1455 706 1496; x_wconf 85' lang='lat' dir='ltr'>sis,</span> <span class='ocrx_word' id='word_1_317' title='bbox 726 1466 800 1489; x_wconf 88' lang='lat' dir='ltr'>cum</span> <span class='ocrx_word' id='word_1_318' title='bbox 825 1455 944 1500; x_wconf 89' lang='lat' dir='ltr'>aliquid</span> <span class='ocrx_word' id='word_1_319' title='bbox 967 1455 1089 1497; x_wconf 89' lang='lat' dir='ltr'>scribis,</span> <span class='ocrx_word' id='word_1_320' title='bbox 1114 1465 1149 1490; x_wconf 92' lang='lat' dir='ltr'>ut</span> <span class='ocrx_word' id='word_1_321' title='bbox 1172 1457 1309 1490; x_wconf 90' lang='lat' dir='ltr'>omnino</span> <span class='ocrx_word' id='word_1_322' title='bbox 1333 1457 1431 1491; x_wconf 90' lang='lat' dir='ltr'>nichil</span> <span class='ocrx_word' id='word_1_323' title='bbox 1453 1456 1542 1502; x_wconf 90' lang='lat' dir='ltr'>quod</span> 
     </span>
     <span class='ocr_line' id='line_1_64' title="bbox 332 1513 1542 1560; baseline 0.002 -14"><span class='ocrx_word' id='word_1_324' title='bbox 332 1525 400 1547; x_wconf 92' lang='lat' dir='ltr'>non</span> <span class='ocrx_word' id='word_1_325' title='bbox 430 1514 532 1557; x_wconf 87' lang='lat' dir='ltr'>prosit</span> <span class='ocrx_word' id='word_1_326' title='bbox 558 1514 603 1546; x_wconf 89' lang='lat' dir='ltr'>rei</span> <span class='ocrx_word' id='word_1_327' title='bbox 627 1525 726 1558; x_wconf 89' lang='lat' dir='ltr'>quam</span> <span class='ocrx_word' id='word_1_328' title='bbox 755 1513 897 1548; x_wconf 88' lang='lat' dir='ltr'>intendis</span> <span class='ocrx_word' id='word_1_329' title='bbox 928 1525 1089 1556; x_wconf 87' lang='lat' dir='ltr'>assumas;</span> <span class='ocrx_word' id='word_1_330' title='bbox 1112 1526 1176 1559; x_wconf 88' lang='lat' dir='ltr'>que</span> <span class='ocrx_word' id='word_1_331' title='bbox 1200 1526 1278 1548; x_wconf 91' lang='lat' dir='ltr'>vero</span> <span class='ocrx_word' id='word_1_332' title='bbox 1301 1515 1450 1549; x_wconf 82' lang='lat' dir='ltr'>nocitura</span> <span class='ocrx_word' id='word_1_333' title='bbox 1471 1527 1542 1560; x_wconf 88' lang='lat' dir='ltr'>per-</span> 
     </span>
     <span class='ocr_line' id='line_1_65' title="bbox 332 1571 1542 1616; baseline 0.003 -12"><span class='ocrx_word' id='word_1_334' title='bbox 332 1572 486 1616; x_wconf 84' lang='lat' dir='ltr'>spexeris,</span> <span class='ocrx_word' id='word_1_335' title='bbox 500 1571 599 1605; x_wconf 90' lang='lat' dir='ltr'>veluti</span> <span class='ocrx_word' id='word_1_336' title='bbox 618 1572 789 1616; x_wconf 89' lang='lat' dir='ltr'>scopulum</span> <span class='ocrx_word' id='word_1_337' title='bbox 805 1572 992 1616; x_wconf 84' lang='lat' dir='ltr'>navigando</span> <span class='ocrx_word' id='word_1_338' title='bbox 1009 1572 1142 1607; x_wconf 86' lang='lat' dir='ltr'>devites.</span> <span class='ocrx_word' id='word_1_339' title='bbox 1184 1573 1263 1607; x_wconf 90' lang='lat' dir='ltr'>illud</span> <span class='ocrx_word' id='word_1_340' title='bbox 1277 1574 1375 1607; x_wconf 89' lang='lat' dir='ltr'>etiam</span> <span class='ocrx_word' id='word_1_341' title='bbox 1389 1573 1542 1608; x_wconf 52' lang='lat' dir='ltr'>adiecisse</span> 
     </span>
     <span class='ocr_line' id='line_1_66' title="bbox 332 1629 1543 1677; baseline 0.003 -14"><span class='ocrx_word' id='word_1_342' title='bbox 332 1630 441 1671; x_wconf 90' lang='lat' dir='ltr'>velim,</span> <span class='ocrx_word' id='word_1_343' title='bbox 466 1629 555 1674; x_wconf 91' lang='lat' dir='ltr'>quod</span> <span class='ocrx_word' id='word_1_344' title='bbox 578 1641 707 1664; x_wconf 89' lang='lat' dir='ltr'>summa</span> <span class='ocrx_word' id='word_1_345' title='bbox 730 1631 770 1664; x_wconf 90' lang='lat' dir='ltr'>sit</span> <span class='ocrx_word' id='word_1_346' title='bbox 795 1631 916 1665; x_wconf 87' lang='lat' dir='ltr'>cunctis</span> <span class='ocrx_word' id='word_1_347' title='bbox 940 1643 1003 1676; x_wconf 90' lang='lat' dir='ltr'>que</span> <span class='ocrx_word' id='word_1_348' title='bbox 1026 1631 1186 1676; x_wconf 88' lang='lat' dir='ltr'>scripseris</span> <span class='ocrx_word' id='word_1_349' title='bbox 1214 1631 1380 1666; x_wconf 87' lang='lat' dir='ltr'>claritudo.</span> <span class='ocrx_word' id='word_1_350' title='bbox 1428 1641 1543 1677; x_wconf 78' lang='lat' dir='ltr'>putant</span> 
     </span>
     <span class='ocr_line' id='line_1_67' title="bbox 333 1688 1542 1733; baseline 0.003 -12"><span class='ocrx_word' id='word_1_351' title='bbox 333 1688 438 1729; x_wconf 93' lang='lat' dir='ltr'>multi,</span> <span class='ocrx_word' id='word_1_352' title='bbox 459 1690 486 1722; x_wconf 88' lang='lat' dir='ltr'>si</span> <span class='ocrx_word' id='word_1_353' title='bbox 510 1700 573 1733; x_wconf 88' lang='lat' dir='ltr'>que</span> <span class='ocrx_word' id='word_1_354' title='bbox 592 1688 778 1733; x_wconf 88' lang='lat' dir='ltr'>intelligunt</span> <span class='ocrx_word' id='word_1_355' title='bbox 802 1688 1002 1724; x_wconf 86' lang='lat' dir='ltr'>abscondant</span> <span class='ocrx_word' id='word_1_356' title='bbox 1021 1690 1073 1723; x_wconf 89' lang='lat' dir='ltr'>vel</span> <span class='ocrx_word' id='word_1_357' title='bbox 1096 1690 1196 1724; x_wconf 90' lang='lat' dir='ltr'>nimia</span> <span class='ocrx_word' id='word_1_358' title='bbox 1220 1690 1374 1725; x_wconf 84' lang='lat' dir='ltr'>brevitate</span> <span class='ocrx_word' id='word_1_359' title='bbox 1393 1690 1445 1725; x_wconf 89' lang='lat' dir='ltr'>vel</span> <span class='ocrx_word' id='word_1_360' title='bbox 1463 1702 1542 1725; x_wconf 86' lang='lat' dir='ltr'>exo-</span> 
     </span>
     <span class='ocr_line' id='line_1_68' title="bbox 332 1746 1543 1792; baseline 0.004 -13"><span class='ocrx_word' id='word_1_361' title='bbox 332 1747 471 1780; x_wconf 90' lang='lat' dir='ltr'>ticorum</span> <span class='ocrx_word' id='word_1_362' title='bbox 490 1746 725 1780; x_wconf 86' lang='lat' dir='ltr'>vocabulorum</span> <span class='ocrx_word' id='word_1_363' title='bbox 749 1746 888 1781; x_wconf 87' lang='lat' dir='ltr'>tenebris</span> <span class='ocrx_word' id='word_1_364' title='bbox 908 1747 959 1781; x_wconf 92' lang='lat' dir='ltr'>vel</span> <span class='ocrx_word' id='word_1_365' title='bbox 982 1747 1122 1792; x_wconf 89' lang='lat' dir='ltr'>quadam</span> <span class='ocrx_word' id='word_1_366' title='bbox 1146 1748 1348 1783; x_wconf 86' lang='lat' dir='ltr'>intricatione</span> <span class='ocrx_word' id='word_1_367' title='bbox 1371 1749 1543 1790; x_wconf 85' lang='lat' dir='ltr'>sermonis,</span> 
     </span>
     <span class='ocr_line' id='line_1_69' title="bbox 333 1805 1543 1853; baseline 0.004 -15"><span class='ocrx_word' id='word_1_368' title='bbox 333 1817 367 1839; x_wconf 92' lang='lat' dir='ltr'>se</span> <span class='ocrx_word' id='word_1_369' title='bbox 394 1805 527 1839; x_wconf 90' lang='lat' dir='ltr'>sublimi</span> <span class='ocrx_word' id='word_1_370' title='bbox 556 1815 715 1839; x_wconf 85' lang='lat' dir='ltr'>caractere</span> <span class='ocrx_word' id='word_1_371' title='bbox 745 1817 907 1848; x_wconf 87' lang='lat' dir='ltr'>resonare,</span> <span class='ocrx_word' id='word_1_372' title='bbox 932 1819 1008 1840; x_wconf 89' lang='lat' dir='ltr'>cum</span> <span class='ocrx_word' id='word_1_373' title='bbox 1038 1807 1070 1841; x_wconf 88' lang='lat' dir='ltr'>in</span> <span class='ocrx_word' id='word_1_374' title='bbox 1099 1806 1248 1849; x_wconf 90' lang='lat' dir='ltr'>dicendo,</span> <span class='ocrx_word' id='word_1_375' title='bbox 1273 1808 1356 1842; x_wconf 92' lang='lat' dir='ltr'>sicut</span> <span class='ocrx_word' id='word_1_376' title='bbox 1379 1807 1543 1853; x_wconf 87' lang='lat' dir='ltr'>eleganter</span> 
     </span>
     <span class='ocr_line' id='line_1_70' title="bbox 333 1864 1542 1911; baseline 0.003 -14"><span class='ocrx_word' id='word_1_377' title='bbox 333 1864 437 1908; x_wconf 91' lang='lat' dir='ltr'>inquit</span> <span class='ocrx_word' id='word_1_378' title='bbox 456 1864 583 1905; x_wconf 91' lang='lat' dir='ltr'>Cicero,</span> <span class='ocrx_word' id='word_1_379' title='bbox 601 1864 716 1898; x_wconf 87' lang='lat' dir='ltr'>vitium</span> <span class='ocrx_word' id='word_1_380' title='bbox 737 1865 789 1898; x_wconf 91' lang='lat' dir='ltr'>vel</span> <span class='ocrx_word' id='word_1_381' title='bbox 808 1865 989 1899; x_wconf 83' lang='lat' dir='ltr'>maximum</span> <span class='ocrx_word' id='word_1_382' title='bbox 1009 1866 1050 1899; x_wconf 90' lang='lat' dir='ltr'>sit</span> <span class='ocrx_word' id='word_1_383' title='bbox 1069 1877 1087 1899; x_wconf 90' lang='lat' dir='ltr'>a</span> <span class='ocrx_word' id='word_1_384' title='bbox 1101 1865 1226 1911; x_wconf 85' lang='lat' dir='ltr'>vulgari</span> <span class='ocrx_word' id='word_1_385' title='bbox 1249 1878 1368 1911; x_wconf 88' lang='lat' dir='ltr'>genere</span> <span class='ocrx_word' id='word_1_386' title='bbox 1387 1867 1542 1901; x_wconf 88' lang='lat' dir='ltr'>orationis</span> 
     </span>
     <span class='ocr_line' id='line_1_71' title="bbox 335 1922 1543 1967; baseline 0.004 -12"><span class='ocrx_word' id='word_1_387' title='bbox 335 1931 428 1966; x_wconf 90' lang='lat' dir='ltr'>atque</span> <span class='ocrx_word' id='word_1_388' title='bbox 453 1922 688 1956; x_wconf 88' lang='lat' dir='ltr'>consuetudine</span> <span class='ocrx_word' id='word_1_389' title='bbox 716 1923 901 1957; x_wconf 86' lang='lat' dir='ltr'>communis</span> <span class='ocrx_word' id='word_1_390' title='bbox 931 1935 1044 1958; x_wconf 91' lang='lat' dir='ltr'>sensus</span> <span class='ocrx_word' id='word_1_391' title='bbox 1075 1924 1246 1959; x_wconf 89' lang='lat' dir='ltr'>abhorrere</span> <span class='ocrx_word' id='word_1_392' title='bbox 1258 1925 1303 1959; x_wconf 86' lang='lat'><strong>(¹).</strong></span> <span class='ocrx_word' id='word_1_393' title='bbox 1350 1937 1438 1967; x_wconf 88' lang='lat' dir='ltr'>nam,</span> <span class='ocrx_word' id='word_1_394' title='bbox 1466 1937 1543 1960; x_wconf 87' lang='lat' dir='ltr'>cum</span> 
     </span>
     <span class='ocr_line' id='line_1_72' title="bbox 333 1979 1542 2029; baseline 0.005 -16"><span class='ocrx_word' id='word_1_395' title='bbox 333 1979 487 2025; x_wconf 90' lang='lat' dir='ltr'>loquendi</span> <span class='ocrx_word' id='word_1_396' title='bbox 511 1979 735 2025; x_wconf 88' lang='lat' dir='ltr'>scribendique</span> <span class='ocrx_word' id='word_1_397' title='bbox 756 1982 987 2016; x_wconf 86' lang='lat' dir='ltr'>commertium</span> <span class='ocrx_word' id='word_1_398' title='bbox 1010 1982 1050 2016; x_wconf 88' lang='lat' dir='ltr'>ad</span> <span class='ocrx_word' id='word_1_399' title='bbox 1074 1982 1138 2017; x_wconf 93' lang='lat' dir='ltr'>hoc</span> <span class='ocrx_word' id='word_1_400' title='bbox 1160 1993 1322 2028; x_wconf 86' lang='lat' dir='ltr'>repertum</span> <span class='ocrx_word' id='word_1_401' title='bbox 1345 1985 1398 2025; x_wconf 90' lang='lat' dir='ltr'>sit,</span> <span class='ocrx_word' id='word_1_402' title='bbox 1421 1994 1457 2019; x_wconf 88' lang='lat' dir='ltr'>ut</span> <span class='ocrx_word' id='word_1_403' title='bbox 1479 1995 1542 2029; x_wconf 88' lang='lat' dir='ltr'>que</span> 
     </span>
     <span class='ocr_line' id='line_1_73' title="bbox 335 2039 1543 2088; baseline 0.005 -16"><span class='ocrx_word' id='word_1_404' title='bbox 335 2041 542 2084; x_wconf 89' lang='lat' dir='ltr'>concepimus</span> <span class='ocrx_word' id='word_1_405' title='bbox 567 2039 648 2073; x_wconf 88' lang='lat' dir='ltr'>alios</span> <span class='ocrx_word' id='word_1_406' title='bbox 672 2039 847 2074; x_wconf 89' lang='lat' dir='ltr'>doceamus</span> <span class='ocrx_word' id='word_1_407' title='bbox 871 2050 902 2074; x_wconf 90' lang='lat' dir='ltr'>et</span> <span class='ocrx_word' id='word_1_408' title='bbox 929 2041 981 2075; x_wconf 81' lang='lat' dir='ltr'>illa</span> <span class='ocrx_word' id='word_1_409' title='bbox 1005 2041 1074 2075; x_wconf 88' lang='lat' dir='ltr'>aliis</span> <span class='ocrx_word' id='word_1_410' title='bbox 1099 2051 1175 2076; x_wconf 90' lang='lat' dir='ltr'>nota</span> <span class='ocrx_word' id='word_1_411' title='bbox 1199 2042 1352 2077; x_wconf 85' lang='lat' dir='ltr'>faciamus</span> <span class='ocrx_word' id='word_1_412' title='bbox 1374 2054 1438 2088; x_wconf 91' lang='lat' dir='ltr'>que</span> <span class='ocrx_word' id='word_1_413' title='bbox 1460 2043 1543 2078; x_wconf 85' lang='lat' dir='ltr'>intra</span> 
     </span>
    </p>
   </div>
   <div class='ocr_carea' id='block_1_9' title="bbox 338 2140 1544 2212">
    <p class='ocr_par' dir='ltr' id='par_1_14' title="bbox 338 2140 1544 2212">
     <span class='ocr_line' id='line_1_74' title="bbox 388 2140 1542 2172; baseline 0.003 -9"><span class='ocrx_word' id='word_1_414' title='bbox 388 2149 414 2169; x_wconf 86' lang='lat'>4.</span> <span class='ocrx_word' id='word_1_415' title='bbox 430 2140 464 2163; x_wconf 75' lang='grc' dir='ltr'>Νι</span> <span class='ocrx_word' id='word_1_416' title='bbox 479 2141 594 2163; x_wconf 84' lang='lat' dir='ltr'>rhetorum</span> <span class='ocrx_word' id='word_1_417' title='bbox 652 2148 674 2170; x_wconf 84' lang='lat'>5.</span> <span class='ocrx_word' id='word_1_418' title='bbox 690 2140 723 2163; x_wconf 66' lang='grc' dir='ltr'>ΝῙ</span> <span class='ocrx_word' id='word_1_419' title='bbox 738 2143 824 2163; x_wconf 78' lang='lat' dir='ltr'>omette</span> <span class='ocrx_word' id='word_1_420' title='bbox 836 2145 911 2164; x_wconf 76' lang='lat' dir='ltr'>autern</span> <span class='ocrx_word' id='word_1_421' title='bbox 952 2141 983 2164; x_wconf 71' lang='lat'>1)</span> <span class='ocrx_word' id='word_1_422' title='bbox 992 2142 1029 2164; x_wconf 83' lang='lat' dir='ltr'>Me</span> <span class='ocrx_word' id='word_1_423' title='bbox 1042 2142 1071 2165; x_wconf 75' lang='lat' dir='ltr'>sit</span> <span class='ocrx_word' id='word_1_424' title='bbox 1135 2149 1158 2172; x_wconf 95' lang='lat'>7.</span> <span class='ocrx_word' id='word_1_425' title='bbox 1174 2142 1208 2166; x_wconf 78' lang='lat' dir='ltr'>N¹</span> <span class='ocrx_word' id='word_1_426' title='bbox 1221 2150 1266 2172; x_wconf 77' lang='lat' dir='ltr'>per</span> <span class='ocrx_word' id='word_1_427' title='bbox 1278 2150 1292 2166; x_wconf 80' lang='grc' dir='ltr'>ι</span> <span class='ocrx_word' id='word_1_428' title='bbox 1305 2142 1337 2166; x_wconf 65' lang='lat' dir='ltr'>dis</span> <span class='ocrx_word' id='word_1_429' title='bbox 1351 2144 1380 2166; x_wconf 69' lang='lat' dir='ltr'>td</span> <span class='ocrx_word' id='word_1_430' title='bbox 1392 2145 1477 2167; x_wconf 71' lang='lat' dir='ltr'>avanti</span> <span class='ocrx_word' id='word_1_431' title='bbox 1488 2150 1505 2166; x_wconf 79' lang='lat' dir='ltr'>a</span> <span class='ocrx_word' id='word_1_432' title='bbox 1517 2147 1542 2167; x_wconf 77' lang='lat' dir='ltr'>te</span> 
     </span>
     <span class='ocr_line' id='line_1_75' title="bbox 338 2180 1544 2212; baseline 0.003 -9"><span class='ocrx_word' id='word_1_433' title='bbox 338 2188 387 2204; x_wconf 87' lang='grc' dir='ltr'>ιι-ι</span> <span class='ocrx_word' id='word_1_434' title='bbox 393 2188 415 2211; x_wconf 85' lang='lat'>3.</span> <span class='ocrx_word' id='word_1_435' title='bbox 431 2180 464 2203; x_wconf 85' lang='lat' dir='ltr'>N¹</span> <span class='ocrx_word' id='word_1_436' title='bbox 479 2184 566 2204; x_wconf 83' lang='lat' dir='ltr'>omette</span> <span class='ocrx_word' id='word_1_437' title='bbox 581 2183 619 2204; x_wconf 84' lang='lat' dir='ltr'>nel</span> <span class='ocrx_word' id='word_1_438' title='bbox 633 2184 701 2209; x_wconf 78' lang='lat' dir='ltr'>testo,</span> <span class='ocrx_word' id='word_1_439' title='bbox 718 2188 756 2204; x_wconf 76' lang='lat' dir='ltr'>ma</span> <span class='ocrx_word' id='word_1_440' title='bbox 770 2188 824 2204; x_wconf 73' lang='grc' dir='ltr'>νει-α</span> <span class='ocrx_word' id='word_1_441' title='bbox 838 2182 962 2211; x_wconf 68' lang='lat' dir='ltr'>aggitarum</span> <span class='ocrx_word' id='word_1_442' title='bbox 977 2183 1002 2204; x_wconf 77' lang='lat' dir='ltr'>n&#39;n</span> <span class='ocrx_word' id='word_1_443' title='bbox 1016 2184 1130 2212; x_wconf 75' lang='lat' dir='ltr'>margine</span> <span class='ocrx_word' id='word_1_444' title='bbox 1142 2183 1279 2206; x_wconf 72' lang='lat' dir='ltr'>tit—idonee</span> <span class='ocrx_word' id='word_1_445' title='bbox 1335 2191 1372 2212; x_wconf 79' lang='lat'>¹⁴·</span> <span class='ocrx_word' id='word_1_446' title='bbox 1388 2183 1421 2206; x_wconf 74' lang='grc' dir='ltr'>Νι</span> <span class='ocrx_word' id='word_1_447' title='bbox 1436 2184 1544 2212; x_wconf 69' lang='lat' dir='ltr'>splendor</span> 
     </span>
    </p>
   </div>
   <div class='ocr_carea' id='block_1_10' title="bbox 336 2220 1544 2332">
    <p class='ocr_par' dir='ltr' id='par_1_15' title="bbox 336 2220 1544 2332">
     <span class='ocr_line' id='line_1_76' title="bbox 338 2220 1544 2253; baseline 0.003 -10"><span class='ocrx_word' id='word_1_448' title='bbox 338 2228 345 2243; x_wconf 92' lang='grc' dir='ltr'>ι</span> <span class='ocrx_word' id='word_1_449' title='bbox 351 2228 371 2250; x_wconf 89' lang='lat'>5.</span> <span class='ocrx_word' id='word_1_450' title='bbox 388 2220 421 2243; x_wconf 89' lang='lat' dir='ltr'>N¹</span> <span class='ocrx_word' id='word_1_451' title='bbox 437 2227 483 2243; x_wconf 90' lang='lat' dir='ltr'>non</span> <span class='ocrx_word' id='word_1_452' title='bbox 562 2222 637 2250; x_wconf 83' lang='lat'>17-18.</span> <span class='ocrx_word' id='word_1_453' title='bbox 652 2222 689 2244; x_wconf 83' lang='lat' dir='ltr'>Me</span> <span class='ocrx_word' id='word_1_454' title='bbox 707 2221 844 2244; x_wconf 72' lang='lat' dir='ltr'>inventionis</span> <span class='ocrx_word' id='word_1_455' title='bbox 856 2223 886 2244; x_wconf 79' lang='lat' dir='ltr'>ed</span> <span class='ocrx_word' id='word_1_456' title='bbox 905 2225 992 2245; x_wconf 67' lang='lat' dir='ltr'>amente</span> <span class='ocrx_word' id='word_1_457' title='bbox 1012 2229 1057 2246; x_wconf 85' lang='lat' dir='ltr'>non</span> <span class='ocrx_word' id='word_1_458' title='bbox 1078 2224 1189 2252; x_wconf 74' lang='lat' dir='ltr'>proposit.</span> <span class='ocrx_word' id='word_1_459' title='bbox 1259 2225 1294 2247; x_wconf 78' lang='lat'>18.</span> <span class='ocrx_word' id='word_1_460' title='bbox 1310 2223 1345 2247; x_wconf 73' lang='grc' dir='ltr'>Ντ</span> <span class='ocrx_word' id='word_1_461' title='bbox 1364 2228 1544 2253; x_wconf 66' lang='lat' dir='ltr'>augmentantur</span> 
     </span>
     <span class='ocr_line' id='line_1_77' title="bbox 341 2261 1538 2294; baseline 0.004 -11"><span class='ocrx_word' id='word_1_462' title='bbox 341 2262 418 2290; x_wconf 81' lang='lat'>18—19.</span> <span class='ocrx_word' id='word_1_463' title='bbox 434 2261 464 2283; x_wconf 81' lang='lat' dir='ltr'>L³</span> <span class='ocrx_word' id='word_1_464' title='bbox 480 2262 518 2284; x_wconf 88' lang='lat' dir='ltr'>Me</span> <span class='ocrx_word' id='word_1_465' title='bbox 531 2261 681 2290; x_wconf 76' lang='lat' dir='ltr'>ignorationis</span> <span class='ocrx_word' id='word_1_466' title='bbox 745 2268 780 2286; x_wconf 74' lang='lat' dir='ltr'>aa.</span> <span class='ocrx_word' id='word_1_467' title='bbox 796 2261 830 2286; x_wconf 83' lang='lat' dir='ltr'>N¹</span> <span class='ocrx_word' id='word_1_468' title='bbox 846 2263 908 2285; x_wconf 82' lang='lat' dir='ltr'>velut</span> <span class='ocrx_word' id='word_1_469' title='bbox 976 2270 1016 2291; x_wconf 81' lang='lat'>²4.</span> <span class='ocrx_word' id='word_1_470' title='bbox 1030 2262 1060 2285; x_wconf 77' lang='lat' dir='ltr'>L5</span> <span class='ocrx_word' id='word_1_471' title='bbox 1068 2263 1144 2286; x_wconf 82' lang='lat' dir='ltr'>N¹Me</span> <span class='ocrx_word' id='word_1_472' title='bbox 1157 2264 1218 2293; x_wconf 79' lang='lat' dir='ltr'>dopo</span> <span class='ocrx_word' id='word_1_473' title='bbox 1232 2264 1299 2287; x_wconf 76' lang='lat' dir='ltr'>multi</span> <span class='ocrx_word' id='word_1_474' title='bbox 1310 2264 1392 2288; x_wconf 71' lang='lat' dir='ltr'>ddnno</span> <span class='ocrx_word' id='word_1_475' title='bbox 1405 2265 1479 2294; x_wconf 80' lang='lat' dir='ltr'>quod,</span> <span class='ocrx_word' id='word_1_476' title='bbox 1494 2265 1538 2287; x_wconf 66' lang='lat' dir='ltr'>che</span> 
     </span>
     <span class='ocr_line' id='line_1_78' title="bbox 336 2301 955 2332; baseline 0.003 -8"><span class='ocrx_word' id='word_1_477' title='bbox 336 2302 366 2324; x_wconf 83' lang='lat' dir='ltr'>ho</span> <span class='ocrx_word' id='word_1_478' title='bbox 381 2302 455 2325; x_wconf 79' lang='lat' dir='ltr'>levato</span> <span class='ocrx_word' id='word_1_479' title='bbox 469 2301 496 2324; x_wconf 85' lang='lat' dir='ltr'>di</span> <span class='ocrx_word' id='word_1_480' title='bbox 506 2308 587 2331; x_wconf 52' lang='lat' dir='ltr'>meno.</span> <span class='ocrx_word' id='word_1_481' title='bbox 652 2309 691 2332; x_wconf 84' lang='lat'>3⁰·</span> <span class='ocrx_word' id='word_1_482' title='bbox 706 2302 780 2325; x_wconf 70' lang='lat' dir='ltr'>DMe</span> <span class='ocrx_word' id='word_1_483' title='bbox 794 2302 842 2327; x_wconf 73' lang='lat' dir='ltr'>fac.</span> <span class='ocrx_word' id='word_1_484' title='bbox 855 2304 884 2327; x_wconf 81' lang='lat' dir='ltr'>al.</span> <span class='ocrx_word' id='word_1_485' title='bbox 901 2307 955 2326; x_wconf 76' lang='lat' dir='ltr'>nota</span> 
     </span>
    </p>
   </div>
   <div class='ocr_carea' id='block_1_11' title="bbox 372 2392 1526 2432">
    <p class='ocr_par' dir='ltr' id='par_1_16' title="bbox 372 2392 1526 2432">
     <span class='ocr_line' id='line_1_79' title="bbox 372 2392 1526 2432; baseline 0.004 -11"><span class='ocrx_word' id='word_1_486' title='bbox 372 2392 415 2429; x_wconf 89' lang='lat'>(1)</span> <span class='ocrx_word' id='word_1_487' title='bbox 431 2393 494 2422; x_wconf 90' lang='lat' dir='ltr'>C1c.</span> <span class='ocrx_word' id='word_1_488' title='bbox 504 2394 543 2422; x_wconf 80' lang='lat' dir='ltr'>De</span> <span class='ocrx_word' id='word_1_489' title='bbox 556 2398 622 2422; x_wconf 81' lang='lat' dir='ltr'>orat.</span> <span class='ocrx_word' id='word_1_490' title='bbox 635 2395 656 2428; x_wconf 88' lang='lat'>1,</span> <span class='ocrx_word' id='word_1_491' title='bbox 666 2403 706 2428; x_wconf 86' lang='grc' dir='ltr'>ιιι,</span> <span class='ocrx_word' id='word_1_492' title='bbox 720 2403 765 2428; x_wconf 90' lang='lat'>12;</span> <span class='ocrx_word' id='word_1_493' title='bbox 781 2404 826 2422; x_wconf 82' lang='lat' dir='ltr'>ma</span> <span class='ocrx_word' id='word_1_494' title='bbox 841 2395 862 2422; x_wconf 90' lang='lat' dir='ltr'>il</span> <span class='ocrx_word' id='word_1_495' title='bbox 873 2401 944 2424; x_wconf 78' lang='lat' dir='ltr'>testo</span> <span class='ocrx_word' id='word_1_496' title='bbox 955 2397 1039 2432; x_wconf 85' lang='lat' dir='ltr'>ripete</span> <span class='ocrx_word' id='word_1_497' title='bbox 1049 2406 1063 2422; x_wconf 75' lang='grc' dir='ltr'>α</span> <span class='ocrx_word' id='word_1_498' title='bbox 1073 2405 1089 2423; x_wconf 84' lang='lat' dir='ltr'>a</span> <span class='ocrx_word' id='word_1_499' title='bbox 1099 2407 1114 2423; x_wconf 70' lang='grc' dir='ltr'>ιο</span> <span class='ocrx_word' id='word_1_500' title='bbox 1127 2397 1235 2424; x_wconf 80' lang='lat' dir='ltr'>dinanzi</span> <span class='ocrx_word' id='word_1_501' title='bbox 1245 2406 1261 2424; x_wconf 80' lang='lat' dir='ltr'>a</span> <span class='ocrx_word' id='word_1_502' title='bbox 1271 2407 1287 2423; x_wconf 75' lang='lat' dir='ltr'>e</span> <span class='ocrx_word' id='word_1_503' title='bbox 1297 2398 1526 2426; x_wconf 78' lang='lat' dir='ltr'>consuetudine».</span> 
     </span>
    </p>
   </div>
   <div class='ocr_carea' id='block_1_12' title="bbox 1572 882 1611 906">
    <p class='ocr_par' dir='ltr' id='par_1_17' title="bbox 1572 882 1611 906">
     <span class='ocr_line' id='line_1_80' title="bbox 1572 882 1611 906; baseline 0 0"><span class='ocrx_word' id='word_1_504' title='bbox 1572 882 1611 906; x_wconf 86' lang='lat'>10</span> 
     </span>
    </p>
   </div>
   <div class='ocr_carea' id='block_1_13' title="bbox 1573 1177 1612 1212">
    <p class='ocr_par' dir='ltr' id='par_1_18' title="bbox 1573 1177 1612 1212">
     <span class='ocr_line' id='line_1_81' title="bbox 1573 1177 1612 1212; baseline 0 0"><span class='ocrx_word' id='word_1_505' title='bbox 1573 1177 1612 1212; x_wconf 86' lang='lat'>¹5</span> 
     </span>
    </p>
   </div>
   <div class='ocr_carea' id='block_1_14' title="bbox 1570 1469 1613 1494">
    <p class='ocr_par' dir='ltr' id='par_1_19' title="bbox 1570 1469 1613 1494">
     <span class='ocr_line' id='line_1_82' title="bbox 1570 1469 1613 1494; baseline 0 0"><span class='ocrx_word' id='word_1_506' title='bbox 1570 1469 1613 1494; x_wconf 90' lang='lat'>20</span> 
     </span>
    </p>
   </div>
   <div class='ocr_carea' id='block_1_15' title="bbox 1571 1761 1611 1794">
    <p class='ocr_par' dir='ltr' id='par_1_20' title="bbox 1571 1761 1611 1794">
     <span class='ocr_line' id='line_1_83' title="bbox 1571 1761 1611 1794; baseline 0 0"><span class='ocrx_word' id='word_1_507' title='bbox 1571 1761 1611 1794; x_wconf 87' lang='lat'>25</span> 
     </span>
    </p>
   </div>
   <div class='ocr_carea' id='block_1_16' title="bbox 1572 2054 1614 2087">
    <p class='ocr_par' dir='ltr' id='par_1_21' title="bbox 1572 2054 1614 2087">
     <span class='ocr_line' id='line_1_84' title="bbox 1572 2054 1614 2087; baseline 0 -9"><span class='ocrx_word' id='word_1_508' title='bbox 1572 2054 1614 2087; x_wconf 84' lang='lat'>30</span> 
     </span>
    </p>
   </div>
  </div>
 </body>
</html>
