1682 2762
446 207 494 234 DI
520 207 785 236 COLUCCIO
814 208 1088 237 SALUTATI.
1295 211 1359 245 217

167 329 262 374 spitio
278 330 394 363 versari
407 339 523 374 potest,
532 331 619 365 nulla
634 331 718 365 fraus
730 333 853 367 intendi
868 333 1018 377 nullaque
1032 334 1192 378 corruptio
1207 333 1358 368 fabricari.

113 397 122 404 ’
165 399 232 432 quo
249 397 282 421 te
300 387 461 432 deprecor,
480 388 599 432 inclyte
618 390 775 434 princepS‚
794 400 826 424 et
845 391 923 424 alios
943 402 1058 425 omnes
1077 392 1111 425 in
1129 403 1268 436 quorum
1291 404 1360 426 ma-

96 858 134 882 10

94 1150 132 1183 15

87 1437 130 1462 20

85 1732 125 1765 25

165 444 258 478 nibus
281 445 365 479 orbis
388 455 541 480 terrarum
560 456 618 487 est,
637 448 764 492 quique,
784 449 875 482 sicuti
894 448 980 482 fama
994 459 1052 490 est,
1072 449 1156 493 apud
1172 449 1360 483 Franchfort

165 512 197 536 et
219 502 312 537 huius
336 512 368 537 et
383 503 540 548 dirigendi
563 504 687 548 imperii
707 506 808 550 gratia
827 507 1031 547 convenistis,
1051 507 1113 540 hoc
1132 507 1286 542 scismatis
1304 520 1359 542 ne-

163 561 297 605 gocium
316 570 389 594 ante
403 561 514 595 omnia
525 563 773 607 prosequamini.
819 575 986 609 nunquam
999 565 1087 598 enim
1100 564 1242 610 dirigetis
1257 567 1358 611 impe-

163 618 256 659 rium,
271 619 329 652 nisi
346 619 431 663 prius
446 618 666 654 ordinaveritis
674 629 707 654 et
715 630 905 665 papatum,a
917 633 982 666 quo
995 631 1116 656 certum
1127 632 1174 657 est
1185 623 1357 668 imperium

163 675 351 720 dependere.
398 688 457 710 nec
468 687 527 711 vos
546 688 653 711 rerum
665 677 804 712 arduitas
816 679 982 720 deterreat,
996 679 1163 714 difficultas
1181 680 1294 725 fatiget
1306 681 1358 715 vel

161 733 351 768 submoveat
364 734 567 779 magnitudo,
583 746 744 770 memores
763 737 845 770 circa
864 737 972 778 ardua,
995 749 1114 782 magna
1135 738 1357 784 laboriosaque

161 802 287 836 semper
308 802 378 826 esse
396 792 557 834 virtutem,
577 802 732 838 tantoque
750 795 854 839 magis
872 794 1038 839 quodlibet
1056 807 1125 830 esse
1145 797 1356 838 meritorium,

161 858 282 894 quanto
305 848 462 884 difficilius
481 850 574 884 fuerit
597 851 834 897 maioribusque
856 852 1017 887 laboribus
1039 853 1182 897 plenum.
1229 854 1289 888 hec
1307 867 1356 889 re-

161 906 341 940 conciliatio
364 906 534 951 pacificum
556 907 667 942 reddet
688 909 871 954 imperium,
894 921 985 955 spem
1013 920 1202 955 conceptam
1234 911 1356 946 auferet

159 963 304 998 hostibus
323 964 484 999 christiani
503 966 645 1000 nominis
664 976 843 1012 cunctaque
866 967 1046 1002 secundum
1064 969 1127 1002 Dei
1146 969 1300 1013 placitum
1323 979 1357 1004 et

160 1021 418 1056 consolationem
441 1022 614 1058 hominum
637 1023 835 1059 reformabit.

226 1079 314 1122 Scio,
336 1081 652 1126 magnificentissime
675 1082 818 1124 domine,
843 1095 894 1117 me
918 1083 957 1117 de
974 1095 1026 1118 me
1042 1084 1214 1130 plusquam
1245 1085 1356 1120 deceat

159 1138 399 1182 presumpsisse,
423 1139 560 1183 quanvis
581 1139 725 1174 fidelium
757 1141 905 1174 omnium
929 1152 998 1175 esse
1021 1141 1149 1176 credam
1173 1155 1268 1188 super
1291 1143 1355 1177 hoc

158 1207 225 1230 non
248 1195 425 1230 desiderare
440 1197 662 1239 solummodo,
680 1197 737 1232 sed
754 1198 901 1233 clamare.
947 1200 1103 1244 quoniam
1120 1200 1174 1234 ubi
1193 1200 1233 1235 de
1252 1201 1354 1236 salute

159 1261 351 1287 cunctorum
380 1255 495 1299 agitur,
518 1255 674 1300 ignavum
699 1265 748 1290 est
769 1257 795 1290 si
820 1268 887 1290 non
911 1256 950 1290 ab
973 1257 1126 1292 omnibus
1157 1259 1352 1294 consulatur.

157 1311 184 1345 si
199 1312 249 1346 cui
264 1321 375 1347 tamen
390 1312 524 1346 videbor
539 1325 575 1347 os
598 1314 632 1348 in
657 1313 762 1348 celum
785 1314 934 1349 audacius
953 1316 1098 1360 posuisse
1109 1316 1155 1358 (¹),
1172 1316 1355 1352 consideret

156 1368 266 1411 fidem,
289 1381 411 1415 precor,
431 1370 612 1405 consideret
635 1380 667 1405 et
691 1372 808 1413 zelum,
830 1384 927 1418 quem
951 1385 1004 1408 me
1027 1373 1067 1408 ad
1090 1373 1173 1408 hanc
1197 1375 1353 1409 unitatem

157 1426 273 1462 habere
300 1426 448 1462 facillime
476 1428 614 1463 iudicare
636 1439 752 1474 potest,
783 1431 923 1475 sciatque
952 1442 1016 1472 me,
1040 1431 1114 1466 licet
1137 1442 1186 1466 tot
1210 1442 1242 1467 et
1264 1442 1355 1468 tanta

156 1484 359 1527 scribentem,
382 1497 440 1530 pro
463 1486 522 1520 zeli
551 1487 774 1532 magnitudine
797 1488 841 1522 nil
865 1489 988 1533 egisse3
1013 1501 1072 1523 nec
1100 1490 1247 1535 imponat
1277 1490 1355 1535 fidei

157 1553 229 1576 mee
257 1543 490 1588 sinceritatique
520 1543 692 1586 defectum,
719 1545 788 1587 sed,
814 1546 841 1580 si
870 1546 1034 1591 placuerit,
1065 1547 1278 1582 commendet
1307 1547 1353 1582 af-

156 1599 285 1635 fectum.
331 1611 366 1635 tu
397 1613 486 1644 vero,
510 1603 655 1648 princeps
688 1604 820 1648 optime,
844 1614 876 1638 et
902 1605 928 1638 si
956 1605 1011 1650 qui
1041 1605 1259 1651 dignabuntur
1290 1608 1352 1642 ista

155 1658 327 1703 perlegere,
355 1660 531 1704 suscipiatis
558 1660 618 1695 hec
638 1661 672 1695 in
697 1661 816 1696 bonam
840 1672 975 1707 partem,
999 1663 1144 1706 obsecro,
1167 1676 1285 1710 meque
1302 1665 1352 1699 lo·

155 1725 264 1750 cutum
288 1716 348 1751 hec
370 1718 584 1752 sincerissime
607 1728 639 1753 et
662 1718 796 1754 fideliter
818 1730 850 1754 et
872 1721 907 1755 in
930 1721 1039 1755 divine
1062 1722 1238 1757 maiestatis
1263 1722 1351 1757 filiali

155 1783 254 1815 metu,
266 1785 328 1819 que
340 1775 386 1808 sic
397 1775 607 1820 inspiraverit,
619 1776 768 1811 iudicate.
815 1778 898 1812 vale.
945 1778 1117 1821 Florentie,
1127 1779 1350 1815 decimotertio

153 1830 306 1866 kalendas
328 1832 528 1877 septembris.

205 1959 227 1976 ι.
241 1955 272 1977 κέ
283 1961 355 1984 quare
420 1963 472 1985 4-5.
487 1957 518 1979 R!
529 1957 629 1980 witmau
642 1964 692 1987 neg.
707 1965 870 1989 prosequamur
881 1959 1014 1982 menende
1028 1965 1079 1983 eme
1095 1960 1171 1984 omnia
1241 1968 1275 1985 ιι.
1290 1962 1346 1985 Μ-ι)

152 1993 225 2017 reddit
281 2001 317 2023 ¹5·
331 1995 386 2017 Μ-Ι)
398 1996 466 2019 eredo
522 1997 554 2021 ¹6.
570 1997 624 2020 Μ-ι)
636 1998 710 2021 nolum
765 2005 801 2028 ¹9·
810 1999 892 2028 zelum]
906 2000 937 2022 m
948 1999 1036 2023 coelum
1052 2001 1105 2028 (tic)
1116 2001 1178 2030 quod
1234 2007 1271 2024 ao.
1281 2002 1350 2025 ceint-

152 2033 208 2062 que]
222 2032 253 2055 ι’
267 2034 371 2063 dentque
424 2041 459 2058 ιι.
473 2035 524 2064 zen]
537 2036 568 2058 ΩΙ
579 2035 643 2059 eoeu
683 2035 738 2059 MD
750 2037 804 2060 nihil
858 2044 894 2061 π.
909 2037 938 2060 L¹
954 2045 1048 2068 meque
1061 2039 1183 2062 sinceritati
1238 2046 1277 2067 ²⁴·
1287 2040 1342 2063 Μ-ὶ)

151 2073 277 2101 pudeam
329 2080 367 2104 ²⁵-
382 2075 436 2097 ΔΗ)
447 2075 533 2098 uineae
545 2082 559 2098 e
572 2076 635 2106 dopo
647 2080 735 2101 mete
748 2082 771 2101 et
824 2078 859 2102 ²6.
874 2079 928 2101 MD
941 2085 976 2102 me
991 2079 1099 2108 impitus-e
1113 2079 1186 2103 voluit

188 2194 232 2229 (ι)
250 2193 294 2222 ef.
312 2194 404 2224 Psalm,
425 2195 538 2231 Lxxn,
559 2205 584 2234 9.

258 2432 367 2456 comedo
381 2433 496 2462 scutati,
509 2435 554 2458 111.
1213 2432 1259 2466 14·

1413 402 1452 422 Per
1478 402 1556 424 lodooo
1587 410 1599 424 e

1386 428 1416 456 gli
1440 429 1487 450 altri
1512 431 1598 458 principi

1386 457 1496 476 eonvenuti
1507 457 1528 477 in
1535 457 1599 478 Fren-

1386 482 1466 502 :osone
1474 483 1524 504 eoll'
1532 484 1598 504 {nten-

1387 513 1409 529 ιο
1432 509 1452 529 di
1474 511 1597 537 provvedere

1387 535 1426 555 alle
1439 542 1487 557 eoae
1501 537 1550 557 dell'
1560 538 1597 557 im-

1385 569 1434 589 pero
1460 564 1491 584 εἰι
1515 564 1556 584 dun
1571 570 1598 584 ue

1385 589 1450 615 pdmn
1463 596 1511 610 cur·
1529 597 1567 618 que
1577 591 1597 612 la

1385 615 1405 636 di
1418 622 1518 644 :pugnet-e
1527 617 1548 638 lo
1558 618 1598 638 sci-

1384 649 1436 664 uma.

1409 686 1459 707 Nou
1480 688 1498 708 ui
1517 687 1596 709 lucino

1384 719 1503 740 agonum:
1544 715 1597 736 aaut

1384 740 1596 796 maias&

1384 855 1465 882 perche,
1481 857 1596 878 tidem&

1409 889 1433 902 ee
1453 883 1494 904 nlla
1513 883 1596 909 meu,

1411 909 1596 931 dmnminsiune

1383 935 1511 964 nu'lmpem.

1407 1087 1456 1107 Nou
1472 1089 1518 1115 puin
1532 1094 1595 1110 teme-

1382 1114 1421 1134 ἠιι
1428 1114 1448 1135 ln
1456 1121 1492 1135 sun
1499 1122 1522 1136 xe
1530 1121 1594 1137 mene

1383 1140 1444 1161 boce-
1460 1142 1482 1162 iu
1501 1143 1518 1162 si
1536 1143 1594 1170 gravi

1381 1166 1493 1193 fnccendeg
1518 1169 1594 1190 dovere

1381 1194 1402 1214 di
1415 1195 1464 1214 tuni
1478 1196 1490 1215 ὲ
1509 1202 1594 1222 provve-

1382 1221 1429 1241 dere
1448 1221 1488 1242 alh
1505 1228 1593 1243 comune

1381 1247 1454 1270 salute.

1407 1327 1455 1349 Non
1462 1328 1518 1355 degli
1527 1329 1593 1350 mori

1381 1354 1403 1375 ίιι
1418 1355 1451 1375 mi
1471 1357 1482 1375 Α
1498 1356 1592 1381 insono.

1381 1387 1414 1401 nu
1435 1381 1468 1402 dni
1488 1388 1527 1403 mo
1547 1382 1592 1403 nelo

1381 1408 1399 1428 d
1412 1413 1475 1436 teng·
1484 1413 1548 1430 eonto
1557 1415 1564 1434 ς

1380 1614 1392 1628 e
1412 1608 1491 1640 lodoeo
1509 1608 1528 1629 ιΙ
1548 1610 1592 1642 pari

1379 1635 1434 1662 degli
1444 1634 1490 1656 nitri
1499 1635 1592 1663 dudlebi

1379 1661 1491 1709 §.21125'32‘
1507 1663 1591 1710 ιῗῗηῖἓ

1378 1720 1401 1734 ee
1415 1721 1457 1735 nou
1471 1715 1503 1736 dal
1535 1722 1591 1736 more

1378 1741 1399 1761 di
1413 1741 1462 1764 nio.
