1682 2762
87 356 143 392 vut'i..
180 354 302 376 temen-ebbe

87 388 302 458 {ammarum

109 444 150 459 ηε.

116 527 196 548 Taceri
203 527 245 554 egli
253 526 303 546 dun-

88 554 211 582 que.dnndo
226 554 270 574 conl
283 560 303 573 e—

90 582 170 609 nempio
198 581 218 601 di
240 580 304 601 neri-

88 609 136 637 Icga
142 607 303 636 ingr-titudine?

89 635 109 656 Ο
123 637 140 656 ni
155 636 240 656 render*
273 641 303 654 nr-

89 663 153 711 Ian?do
168 663 236 690 degne
248 662 268 682 di
278 661 304 682 ri-

90 697 114 711 so

116 757 172 778 Vero
190 757 201 777 ὲ
224 756 262 777 che
284 755 304 776 ln

89 786 240 806 ricononcenza
267 789 304 803 sua

90 819 133 833 nnn
144 812 185 839 pub
199 817 256 831 cuer
265 810 303 830 mi-

90 844 159 860 nuata
169 838 210 858 nll-
220 842 261 858 stre
292 844 304 857 a

90 866 174 894 volgare
183 865 208 885 ed
219 864 238 885 nl
248 871 304 885 vien-

90 893 121 914 rio
138 893 158 913 di
174 892 245 913 cristo
261 898 304 911 nou

90 922 101 941 ὲ
116 927 163 940 men
184 923 244 947 grato
259 918 304 938 l'u-

90 947 126 968 mn
137 948 192 967 douo
199 946 231 966 del
243 952 304 973 pove-

89 975 143 995 rello
162 974 246 994 sincero
268 973 305 993 che

90 1003 96 1022 i
117 1002 183 1022 tenori
205 999 306 1026 offertigli

91 1029 124 1049 dal
138 1029 203 1048 ricco.

116 1056 142 1076 Ei
163 1055 193 1083 gli
211 1059 306 1082 precenta

91 1083 164 1110 quindi
185 1086 239 1102 tuttn
261 1081 275 1101 1¹
286 1088 307 1101 e-

91 1110 209 1138 spreuione
252 1108 305 1128 della

91 1144 128 1158 tu·
142 1135 268 1164 gratitudine
282 1135 307 1155 ed

90 1164 187 1192 implum,
197 1164 264 1190 degn:
278 1163 307 1182 ri-

91 1197 206 1218 eompenn
219 1197 231 1210 ι
249 1195 307 1210 tanta

92 1218 207 1246 benigniss,
218 1217 256 1238 che
265 1216 307 1237 Dio

93 1245 124 1274 gli
134 1245 224 1266 coneed-
239 1245 260 1265 di
269 1251 308 1271 por

329 215 396 247 666
756 215 1101 245 EPISTOLARIO

334 349 431 383 Ihesu
452 347 583 386 Christi,
600 346 654 380 vel
672 345 790 391 gratias
810 356 916 389 agere,
933 343 1031 377 video
1050 343 1119 376 sine
1143 342 1243 376 dubio
1267 353 1320 376 me
1344 353 1411 375 non
1434 352 1542 386 posse,

333 419 408 442 cum
429 417 478 441 tot
497 416 529 440 et
547 414 635 440 tanta
654 403 811 438 beneficia
826 403 912 438 nulla
927 411 1025 448 queat
1039 402 1183 436 humana
1198 400 1331 435 facultas
1347 400 1400 434 vel
1413 399 1542 434 dicendi

331 467 425 511 copia
441 466 540 499 etiam
555 465 582 497 si
597 464 673 498 totis
690 471 825 497 conetur
849 454 968 495 viribus
992 460 1159 505 adequare·
1206 459 1285 504 quid
1301 459 1398 503 igitur
1412 457 1542 500 faciam,

330 535 420 571 pater
443 522 668 558 sanctissime?
715 520 900 556 tacebone?
945 519 1001 554 sed
1025 520 1088 553 hoc
1107 518 1346 564 ingratitudinis
1365 527 1450 552 esset
1466 529 1541 552 cum

331 584 486 628 sacrilege
508 593 579 617 tum
604 583 702 616 etiarn
726 579 925 622 detestande.
973 578 1153 623 loquarne?
1199 577 1256 611 sed
1272 577 1336 611 hoc
1353 588 1419 611 non
1435 585 1542 622 potest

332 653 401 676 esse
425 641 486 675 nisi
510 639 680 674 ridiculum
704 649 736 672 et
758 639 874 679 inane;
894 646 926 671 et
945 648 985 670 eo
1006 636 1110 681 magis
1129 636 1204 680 quia
1223 644 1337 680 putant
1356 635 1462 680 aliqui,
1482 635 1543 669 nisi

332 711 494 740 mensura,
521 710 595 732 cum
629 697 848 737 retribuimus,
882 704 1073 735 nauseatur,
1108 693 1345 739 ingratitudinis
1379 693 1543 728 maculam

332 771 399 793 non
425 758 525 792 vitari.
584 757 641 791 sed
665 756 728 790 hoc
752 756 834 790 forte
858 754 1043 800 putaverint
1065 753 1121 798 qui
1143 753 1316 787 relationes
1335 762 1367 788 et
1386 752 1543 788 beneficia

331 818 392 852 ritu
424 825 641 850 mercatorum
673 814 713 849 ad
746 813 904 848 calculum
937 812 1088 857 redigunt
1111 812 1231 856 quique
1254 813 1398 852 virtutes,
1421 823 1486 857 que
1509 811 1544 846 in

333 875 442 910 dando
461 875 652 914 consistunt,
662 873 767 915 rebus,
779 884 847 907 non
865 870 1031 906 affectibus
1048 871 1236 905 metiuntur.
1274 870 1451 915 apostolica
1465 882 1544 905 vero

334 935 525 979 benignitas,
547 935 629 968 sicut
658 933 794 967 Numen
825 930 903 964 illud
927 929 1015 975 quod
1048 938 1244 974 representat
1268 929 1301 963 in
1325 929 1426 970 terris,
1445 929 1545 974 pluris

333 994 446 1028 licetur
470 992 536 1027 duo
560 1004 612 1035 era
636 991 761 1025 minuta
785 988 976 1035 paupercule
995 1000 1094 1034 quam
1114 988 1350 1032 preciosissima
1372 987 1459 1022 dona
1481 998 1546 1032 que

333 1053 367 1086 in
403 1051 657 1097 gazophilatium
691 1048 899 1083 mittebantur
914 1048 959 1080 (¹).
1024 1047 1137 1092 loquar
1170 1047 1267 1091 igitur
1289 1057 1321 1081 et
1343 1046 1446 1092 plenis
1469 1045 1545 1080 affe-

335 1111 441 1146 ctibus
466 1121 529 1156 ago
554 1110 670 1155 gratias
695 1106 886 1142 beatitudini
905 1115 1020 1149 vestre,
1040 1117 1104 1150 que
1124 1105 1337 1139 devotionern
1353 1116 1460 1139 meam
1477 1114 1545 1140 tam

335 1170 476 1215 benigne
501 1178 653 1213 tantaque
677 1179 753 1201 cum
777 1165 990 1200 redundantia
1015 1164 1146 1210 dignata
1171 1163 1231 1198 fuit
1249 1163 1396 1209 adeoque
1418 1164 1547 1210 largiter

336 1228 498 1269 exaudire,
518 1227 634 1262 humili
658 1238 750 1272 prece
779 1224 962 1270 supplicans
993 1223 1101 1266 celesti
1120 1223 1257 1258 Numini
1282 1222 1464 1268 devoteque
1487 1233 1547 1268 po-

390 1324 409 1339 ι.
421 1317 486 1345 Depo
497 1315 564 1338 video
574 1315 593 1337 1⁸!
601 1314 626 1337 S.
636 1319 711 1337 avena
720 1313 805 1336 scritto
816 1318 852 1334 me
861 1312 905 1334 clue
919 1311 1033 1333 cancello.
1078 1310 1131 1340 5-6.
1141 1311 1207 1340 Dopo
1216 1310 1260 1333 hoc
1269 1317 1344 1333 avem
1353 1311 1438 1334 nerino
1445 1310 1548 1334 ansche

335 1357 442 1380 cancelli>
449 1363 492 1386 per
501 1356 659 1385 trasportarlo
668 1355 728 1383 dopo
738 1357 813 1383 potest
853 1358 931 1383 ¹3·¹4-
942 1352 1007 1380 Dopo
1016 1351 1054 1374 aff.
1065 1357 1142 1375 aveva
1151 1351 1275 1380 aggiuneo
1283 1351 1359 1374 refero
1367 1358 1412 1381 gr„
1419 1351 1546 1375 enemo.

338 1406 376 1427 ¹4·
387 1399 453 1427 Depo
464 1396 572 1419 beatitud.
583 1403 615 1418 un
625 1402 669 1424 que
683 1395 821 1417 canceium.
880 1392 914 1415 16.
926 1392 1043 1414 exaudiret
1057 1394 1162 1414 cor-retro
1177 1393 1202 1414 ia
1216 1391 1323 1414 exaudime
1331 1399 1342 1419 ,·
1353 1392 1439 1421 quinat
1449 1391 1548 1415 humile

335 1445 413 1469 preces
427 1437 547 1467 porrigens
555 1453 562 1465 ,
579 1443 618 1458 ma
631 1436 695 1458 hum.
710 1441 772 1464 pree.
779 1434 815 1463 su
830 1435 922 1455 mutato
942 1433 967 1454 in
981 1431 1059 1454 humili
1073 1438 1155 1461 ματα,-
1173 1432 1295 1461 porrigens
1307 1433 1439 1455 camum.»
1451 1439 1466 1455 e
1479 1432 1549 1456 mu.

337 1480 397 1502 tuito
409 1479 433 1501 in
444 1478 573 1500 interlinea
584 1483 629 1499 con
639 1475 735 1504 supplic.

336 1561 493 1591 sapremmo
511 1553 552 1580 dir
571 1551 690 1588 quando,
715 1550 790 1577 d'un'
803 1548 918 1586 epistola

336 1598 363 1625 di
374 1598 615 1633 ringraziameuto‚
634 1595 766 1622 destinata
785 1602 800 1620 a
811 1591 920 1620 Bonifa-

336 1642 380 1669 zio
390 1641 430 1668 IX
440 1649 455 1668 e
463 1640 536 1667 forse
543 1647 601 1666 non
608 1638 761 1666 terminata.
782 1636 877 1669 Certo,
890 1644 919 1663 se

337 1684 404 1711 null'
415 1684 485 1710 altro
499 1683 527 1710 in
541 1691 602 1710 essa
615 1689 770 1713 mancasse,
783 1681 809 1707 vi
833 1679 919 1706 sareo—

337 1727 402 1754 bero
412 1726 508 1754 difetto
518 1726 544 1753 le
558 1731 687 1752 consuete
694 1723 812 1751 formule
820 1722 847 1749 di
854 1730 919 1749 con-

338 1770 418 1806 gedo.
458 1768 550 1801 Quale
568 1768 658 1804 grazia
673 1775 767 1794 avesse
783 1765 920 1794 Coluccio

337 1813 483 1848 impetrata
514 1811 586 1838 dalla
614 1810 753 1846 pontificia
781 1809 921 1845 benignita

338 1864 395 1883 non
414 1855 500 1882 riesce
519 1853 637 1890 agevole
656 1853 792 1885 stabilire;
810 1859 876 1887 pure
891 1859 921 1878 se

338 1899 515 1926 rifletteremo
544 1906 560 1925 a
589 1897 682 1934 quant’
693 1896 746 1933 egli
771 1904 856 1923 aveva
875 1894 921 1931 gia

339 1948 433 1978 tempo
453 1941 575 1968 addietro
593 1940 762 1967 domandato
782 1939 809 1966 in
829 1937 922 1965 favore

339 1985 366 2012 di
384 1984 477 2011 Pietro
496 1984 546 2011 suo
570 1983 695 2019 figliuolo
715 1982 763 2019 (cf.
782 1982 828 2009 lib.
847 1981 922 2014 VIII,

339 2036 381 2063 ep.
400 2035 469 2060 xw;
484 2027 519 2059 11,
537 2027 612 2061 434),
628 2034 685 2053 non
699 2025 724 2052 ci
740 2026 819 2061 parra
838 2025 921 2052 incre·

339 2069 421 2097 dibile
444 2075 605 2105 congettura
625 2068 716 2105 quella
735 2068 787 2095 che
811 2068 834 2095 si
860 2073 922 2094 trat-

339 2119 411 2140 tasse
439 2112 482 2139 del
507 2111 708 2139 conferimento
727 2119 775 2147 pet
795 2110 839 2138 via
858 2110 922 2137 d’a-

339 2155 481 2191 spettativa
494 2154 522 2181 di
534 2154 652 2190 qualche
662 2153 797 2181 beneficio
807 2158 922 2180 vacante

340 2197 444 2225 all’uno
459 2206 476 2224 o
487 2197 604 2224 all’altro
624 2197 665 2224 de'
680 2196 736 2232 figli
755 2195 800 2223 del
818 2201 922 2229 nostro,

341 2239 402 2272 che,
421 2244 512 2266 morto
532 2239 622 2271 Piero,
634 2238 739 2265 s'erano
759 2238 859 2274 avviati
875 2246 923 2274 per

341 2282 368 2310 la
381 2282 498 2309 carriera
514 2282 704 2315 ecclesiastica,
718 2281 862 2308 Leonardo
877 2290 922 2318 op-

341 2335 392 2362 pur
411 2326 543 2353 Salutate.
580 2326 633 2353 Del
662 2325 751 2361 primo
776 2327 800 2352 ci
821 2326 836 2352 ὲ
855 2331 922 2353 noto

341 2368 430 2396 infatti
449 2369 501 2395 che
521 2377 605 2395 aveva
618 2374 751 2401 ottenuto,
766 2368 856 2404 gratie
868 2368 922 2395 alle

341 2419 468 2447 premure
498 2417 621 2446 paterne,
649 2419 686 2438 un
714 2411 878 2438 canonicato
904 2419 920 2437 a

793 1473 838 1496 1⁶-1
851 1476 886 1502 (p.
895 1473 967 1500 667).
980 1471 1108 1501 devoteque
1117 1484 1128 1489 -
1139 1477 1250 1502 exoptans
1259 1473 1383 1502 aggilum
1391 1473 1417 1495 In
1427 1471 1546 1503 margine.

965 1546 1073 1574 Padova
1089 1547 1137 1583 (cf.
1147 1547 1318 1584 1’ep.vtnla
1333 1548 1548 1584 Aggiunte);

967 1599 982 1617 e
1000 1599 1048 1627 per
1068 1590 1112 1617 cio
1132 1590 1183 1618 che
1199 1596 1287 1627 spem
1306 1590 1333 1618 al
1351 1591 1548 1624 secondonma

966 1633 1038 1661 bella
1067 1633 1161 1660 lettera
1190 1633 1216 1660 di
1248 1633 1391 1661 Leonndo
1419 1633 1504 1665 Brutti
1530 1643 1548 1661 a

967 1675 1110 1704 Bonifatio
1141 1676 1267 1710 salutati,
1294 1676 1387 1704 scritta
1414 1672 1460 1704 tre'
1482 1677 1548 1704 anni

967 1720 1039 1756 dopo
1059 1719 1085 1747 la
1110 1726 1200 1747 morte
1220 1719 1263 1747 del
1282 1726 1388 1753 nostro,
1406 1721 1431 1748 ci
1449 1719 1477 1748 fa
1502 1729 1549 1748 nc-

967 1763 1037 1790 corti
1057 1771 1135 1791 come
1155 1771 1201 1799 per
1219 1762 1236 1790 1’
1245 1762 1373 1790 avvenire
1391 1763 1419 1790 di
1436 1763 1484 1796 lui,
1500 1763 1550 1791 de·

967 1806 1031 1833 bole
1050 1806 1078 1833 di
1096 1807 1286 1839 costituzione,
1299 1812 1377 1834 corto
1395 1806 1423 1833 di
1441 1806 1511 1834 vista
1522 1815 1549 1839 e,

968 1857 984 1876 a
1005 1855 1108 1885 quanto
1126 1849 1243 1882 sembra,
1261 1849 1350 1876 anche
1377 1849 1403 1876 d'
1418 1849 1550 1885 ingeguo,

969 1901 1064 1920 avesse
1096 1893 1230 1929 trepidate
1255 1893 1274 1920 il
1301 1893 1377 1920 buon
1405 1892 1550 1926 Coluecio,

969 1942 1046 1963 tauto
1058 1935 1092 1963 da
1101 1942 1224 1972 strappar
1233 1935 1306 1963 colle
1317 1935 1432 1972 lagrime
1440 1935 1498 1972 agli
1505 1943 1551 1962 oc-

969 1979 1015 2006 chi
1029 1987 1044 2005 a
1059 1978 1204 2006 Leonardo
1220 1977 1247 2005 Ia
1262 1986 1404 2014 promessa
1416 1977 1550 2011 d'nvulo,

969 2022 1103 2058 quand'ei
1123 2021 1195 2049 fosse
1214 2027 1317 2054 morto,
1330 2020 1549 2048 raccomandnuo.

969 2065 1115 2092 Promessa
1145 2064 1196 2091 che
1225 2064 1242 2092 l'
1255 2065 1372 2092 Aretiuo
1402 2071 1550 2100 generosa-

970 2114 1062 2136 mente
1084 2114 1203 2140 aucune,
1221 2107 1401 2135 riuunziando
1417 2106 1465 2134 nel
1482 2113 1550 2143 1409

969 2160 984 2178 a
999 2151 1092 2178 favore
1107 2151 1134 2178 di
1151 2150 1275 2178 Salutate
1290 2149 1311 2176 il
1322 2149 1488 2177 canonicato
1499 2148 1550 2176 fio-

969 2196 1078 2223 rentino
1087 2204 1103 2223 e
1113 2195 1139 2222 la
1150 2194 1318 2230 prepositura
1329 2194 1355 2220 di
1365 2193 1480 2226 Fiesole„
1489 2193 1551 2227 che,

969 2238 1099 2274 fingendo
1118 2237 1147 2265 di
1162 2237 1258 2264 volerli
1277 2245 1327 2272 per
1342 2237 1381 2269 se,
1396 2236 1417 2263 ε’
1427 2244 1472 2263 en
1490 2234 1551 2263 ficti

969 2283 1032 2309 dare
1058 2282 1092 2308 da
1116 2280 1285 2308 Alessandro
1309 2279 1343 2307 V.
1389 2278 1434 2306 Cf.
1459 2278 1550 2307 Lacu.

969 2325 1064 2352 Bnum
1078 2324 1151 2351 Ana.
1164 2323 1300 2359 Epistulae,
1311 2321 1357 2349 lib.
1367 2321 1402 2354 11,
1414 2329 1458 2357 ep.
1474 2328 1520 2354 x¹;
1529 2321 1551 2354 1,

967 2375 1000 2402 45
1017 2375 1091 2403 sgg.;
1105 2366 1238 2398 Sauum,
1248 2374 1294 2400 op.
1303 2365 1349 2392 cit.
1359 2373 1385 2400 p.
1397 2371 1438 2399 32,
1447 2372 1476 2391 n.
1488 2363 1550 2398 287.

1003 2410 1046 2444 (ι)
1065 2408 1109 2437 Cf.
1128 2416 1149 2436 s.
1169 2408 1242 2436 Luc.
1262 2406 1337 2440 xxl,
1358 2413 1418 2434 1-2.

1575 881 1615 905 10

1576 1173 1614 1207 ¹5
