1682 2762
350 223 418 265 604
778 226 1128 255 EPISTOLARIO

107 363 226 386 diverrebbe
249 363 271 384 in
288 362 323 395 ,ω
350 356 449 389 scias:
470 366 599 399 semper
617 354 714 399 igitur
732 354 806 387 insit
826 353 886 386 hec
905 353 1019 397 opinio
1040 352 1106 393 tibi,
1123 352 1212 397 quod
1236 353 1413 386 nesciasffl.
1460 352 1560 386 nichil

107 398 157 413 eaeo
172 391 191 411 Ιι
201 396 322 418 presunziou

109 419 130 439 di
144 424 223 446 sapere.

149 472 200 493 Coa!
234 470 321 492 fat-,eudo

108 499 205 520 1¹Alido=i
223 498 322 522 dubiteu,

107 527 198 548 secondo
236 525 322 552 ragione

108 553 180 579 vuele,
200 553 220 573 di
245 556 322 580 quanto

109 581 168 608 :apri
184 587 195 600 e
214 586 240 600 ne
259 579 323 599 πιηὲ

108 614 179 628 nuovo
193 606 279 627 stimulo
297 605 323 625 nd

108 635 208 662 nllnrgnre
216 634 236 653 la
243 632 323 653 cerchia

110 661 164 682 delle
187 667 223 681 tue
249 660 322 687 cogni-

107 689 171 709 zioni.

136 720 166 741 L·
191 719 285 752 “plenu
311 718 322 737 ὲ

109 748 190 768 κίοιτε
200 747 220 766 di
235 746 283 773 ogni
294 745 323 765 di·

107 777 155 796 vin·
165 773 190 794 ed
202 779 277 794 umam
289 779 323 792 co-

107 809 131 822 n
145 808 156 821 e
166 801 236 828 quindi
246 800 323 820 ardui:-

109 829 161 849 sima
170 835 182 848 ι
192 827 321 854 conseguire.

155 890 189 911 Ma
216 890 322 911 Ludovieo

108 925 151 939 non
165 918 216 938 deve
234 924 256 938 u
271 917 323 937 ime

108 952 121 966 ι
134 945 258 972 nggiunger
267 951 279 964 ι
293 944 323 964 in-

109 977 162 997 tem,
177 978 236 992 come
245 970 323 991 d'alm

109 1004 167 1027 pene
173 1005 215 1019 non
224 999 265 1026 pub
271 1003 323 1018 met-

108 1027 157 1047 tersi
168 1033 180 1046 ι
189 1026 322 1049 cnmminnre,

109 1053 164 1074 onde
174 1053 278 1080 acquin-r
285 1052 323 1072 l’e-

109 1080 218 1107 loqueum
267 1086 278 1100 r
303 1078 323 1099 le

110 1112 206 1128 tormine
231 1113 264 1127 vie
290 1105 322 1126 de’

110 1134 216 1155 dinienid.

137 1188 185 1215 Egu
199 1188 226 1208 lu
241 1187 324 1208 dinanzi

109 1222 122 1236 ι
131 1216 154 1236 se
164 1222 192 1235 un
201 1221 274 1243 campo
283 1214 324 1235 ben

109 1242 245 1263 determinato
256 1250 261 1263 z
271 1242 292 1262 la
301 1241 324 1262 fi-

111 1269 186 1290 losofi·
196 1269 274 1290 monle
283 1275 295 1289 e
305 1268 324 1289 le

110 1303 146 1317 sue
161 1301 192 1317 tre
206 1296 323 1324 pafflzioni,

114 1714 167 1735 dalle
181 1714 236 1742 quali
250 1720 327 1741 :gorga

92 1757 98 1761 .
115 1742 179 1762 nuche
203 1741 223 1762 la
247 1741 328 1762 :deun

116 1795 149 1816 del
171 1796 210 1816 ben
232 1795 326 1820 scrivere,

350 414 489 448 affirmes
522 423 630 447 tecum
665 424 725 446 nec
762 413 886 456 cogites
926 411 966 445 ad
997 424 1144 456 unguem
1175 420 1207 445 et
1239 411 1559 446 consumatissimum

349 472 537 517 percepisse.
585 472 610 504 si
635 471 699 504 hoc
717 470 838 512 feceris,
859 471 885 504 si
910 470 973 504 hoc
997 470 1191 515 persuaseris
1214 469 1283 510 tibi,
1307 482 1375 504 non
1399 469 1559 504 inflaberis

350 532 435 565 scitis
459 540 554 575 atque
584 530 753 574 perceptis,
779 529 836 563 sed
859 541 988 573 semper
1011 528 1150 562 sciendis
1174 528 1378 569 incumbens,
1407 528 1447 562 de
1473 528 1560 562 scitis

350 589 560 623 libentissime
574 597 606 622 et
622 587 851 621 rationabiliter
863 587 1033 621 dubitabis.
1077 587 1138 621 hec
1150 588 1256 632 itaque
1269 586 1420 632 prefatus,
1428 586 1558 621 veniam

349 647 531 682 secundum
552 646 699 680 ordinem
721 646 760 680 ad
781 646 842 679 alia
860 658 924 690 que
944 646 1088 690 promisi.

418 706 459 740 Et
474 715 510 740 ut
526 717 543 739 a
557 705 713 750 sapientia
732 705 926 750 principium
945 716 1086 746 sumam,
1102 705 1194 738 cuius
1214 715 1281 738 non
1302 703 1472 738 mediocris
1488 714 1560 748 pars

350 774 398 799 est
418 764 611 809 eloquentia,
632 764 692 798 hec
711 773 760 797 est
784 775 891 797 rerum
912 763 1094 797 divinarum
1119 763 1397 808 humanarumque
1416 763 1560 804 scientia,

349 835 412 868 que
427 833 508 869 quot
522 833 555 858 et
566 832 685 868 quanta
698 822 885 867 profiteatur
899 822 1048 856 diffinitio
1065 823 1134 867 ipsa
1149 822 1401 856 demonstrat(²).
1444 833 1559 856 verum

349 883 423 927 quia
455 892 488 916 te
519 894 588 916 non
621 882 719 927 exigo
753 881 793 915 ad
820 881 910 915 illam
933 890 1096 915 summam
1121 890 1412 926 consumatamque
1434 881 1560 925 sapien-

350 941 441 981 tiam,
465 952 563 985 quam
587 940 755 985 imaginari
780 939 902 974 facilius
926 949 974 974 est
997 951 1095 984 quam
1119 940 1276 979 invenire,
1302 951 1441 984 cumque
1463 949 1496 973 te
1519 939 1560 973 ad

351 999 505 1043 loquendi
524 998 727 1043 dictandique
748 998 907 1043 peritiam,
928 1009 995 1032 non
1015 998 1055 1032 ad
1074 997 1142 1031 illas
1162 998 1274 1032 anxias
1298 1007 1330 1031 et
1348 997 1493 1042 garrulas
1511 997 1559 1032 di-

350 1059 562 1103 sputationes,
574 1057 690 1102 quibus
706 1058 766 1092 hec
783 1066 892 1092 nostra
907 1057 1106 1091 modernitas
1121 1057 1250 1091 insudat
1265 1066 1297 1091 et
1313 1067 1415 1098 vacat,
1427 1067 1560 1102 operam

352 1116 426 1150 dare
450 1117 550 1150 velim
573 1126 605 1150 et
628 1116 746 1158 horter,
772 1125 807 1150 ut
833 1116 975 1161 aliquem
1001 1116 1059 1150 tibi
1090 1115 1191 1150 finem
1215 1117 1422 1158 constituam,
1445 1116 1560 1161 placet,

352 1177 398 1209 mi
430 1175 607 1216 Ludovice‚
638 1175 727 1220 quod
758 1174 934 1209 moralibus
965 1174 1094 1208 insudes
1118 1175 1286 1220 preceptis,
1317 1186 1392 1220 que,
1421 1187 1496 1210 cum
1526 1175 1559 1208 in

352 1234 503 1275 ethicam,
527 1234 692 1278 politicam
717 1243 748 1268 et
772 1234 998 1268 economicam
1022 1233 1261 1274 dividanturO),
1286 1242 1317 1267 et
1340 1234 1440 1267 vitam
1469 1233 1561 1268 insti-

351 1301 448 1327 tuunt
471 1301 503 1326 et
526 1293 704 1326 maximam
728 1291 856 1326 dicendi
880 1301 951 1326 tum
975 1293 1167 1336 gravitatem
1190 1301 1262 1326 tum
1288 1293 1416 1337 copiam
1439 1291 1544 1326 submi

352 1351 505 1392 nistrant3
531 1359 567 1384 ut
589 1351 756 1384 verissime
779 1350 912 1384 Flaccus
936 1359 1046 1384 noster
1069 1349 1203 1384 dixerit:

567 1435 708 1463 Scribendi
728 1441 801 1463 recte
821 1444 916 1471 sapere
936 1442 976 1463 est
995 1442 1020 1463 et
1040 1436 1202 1471 principium
1221 1443 1248 1463 et
1266 1435 1328 1463 fons

353 1539 386 1563 et
410 1528 519 1564 subdit
530 1540 538 1562 :

568 1597 638 1625 Rem
658 1597 706 1624 tibi
725 1597 864 1625 Socratice
884 1603 1008 1634 poterunt
1022 1598 1166 1626 ostendere
1186 1604 1258 1626 carte
1267 1598 1310 1626 (4).

355 1699 490 1733 moralia
520 1699 682 1743 siquidem
711 1698 919 1740 documenta,
943 1711 1082 1744 quorum
1111 1700 1259 1734 Socrates
1291 1709 1404 1734 auctor
1429 1699 1499 1742 fuit,
1525 1712 1562 1735 ea

115 1769 146 1789 aei
166 1769 204 1789 ben
223 1768 301 1796 parma
316 1775 327 1788 e
354 1766 441 1798 sunt,
465 1757 580 1802 quibus
603 1758 712 1791 omnis
738 1767 869 1791 ornatus
897 1767 929 1791 et
956 1757 1081 1792 dicendi
1111 1758 1204 1803 copia
1231 1767 1368 1803 paratur.
1415 1770 1505 1800 nam,
1526 1769 1563 1793 ut

115 1829 174 1843 come
184 1822 285 1843 Cicerone
299 1822 328 1842 di·
355 1816 458 1860 inquit
482 1816 610 1857 Cicero,
632 1827 671 1849 ex
691 1827 800 1849 rerum
820 1816 1010 1860 cognitione
1033 1815 1183 1850 florescat
1205 1826 1238 1850 et
1259 1815 1417 1850 redundet
1435 1826 1564 1861 oportet

355 1875 469 1915 oratio,
482 1885 546 1919 que
562 1874 623 1907 nisi
639 1875 680 1907 sit
695 1874 733 1908 ab
750 1883 876 1908 oratore
892 1884 1042 1919 percepta
1058 1884 1089 1908 et
1104 1875 1244 1920 cognita,
1253 1875 1384 1909 inanem
1398 1875 1563 1920 quandam

357 1932 453 1966 habet
483 1932 702 1966 elocutionem
733 1942 765 1966 et
795 1944 878 1977 pene
908 1933 1064 1977 puerilem
1073 1933 1119 1967 (⁵).
1166 1942 1199 1967 et
1221 1932 1261 1967 de
1286 1933 1319 1967 O
1330 1942 1472 1967 ratore
1501 1944 1562 1966 suo

357 1991 494 2035 loquens
515 1992 576 2025 ait:
597 1991 654 2025 sed
674 1992 699 2025 si
718 2003 774 2025 me
793 1990 912 2031 audiet,
927 1992 1086 2036 quoniam
1101 1991 1307 2036 philosophia
1322 1992 1356 2025 in
1375 2000 1440 2025 tres
1457 2000 1562 2036 partes

358 2058 406 2083 est
422 2049 599 2092 distributa,
616 2050 650 2084 in
670 2058 782 2084 nature
799 2049 1041 2091 obscuritatem,
1053 2050 1088 2084 in
1102 2049 1277 2084 disserendi
1293 2049 1513 2091 subtilitatem,
1527 2050 1562 2084 in

114 1853 200 1871 monn.

407 2153 431 2176 3.
440 2145 470 2168 Li
477 2147 514 2169 Me
523 2146 543 2169 si
553 2146 592 2169 tibi
603 2153 662 2176 pers.
672 2147 715 2170 hoc
750 2146 785 2171 N‘
794 2150 879 2170 omeete
886 2147 927 2170 tibi

980 2155 998 2175 4
1018 2147 1056 2169 Me
1065 2147 1177 2176 preceptis
1191 2159 1203 2164 -
1216 2147 1336 2170 incumbes
1390 2153 1429 2175 ¹4·
1440 2145 1474 2170 N¹
1485 2147 1563 2170 honor

357 2193 392 2216 ¹5·
401 2187 477 2216 quod]
489 2186 522 2210 Νι
531 2191 556 2210 ut
614 2194 646 2217 ¹9·
654 2188 720 2216 Dopo
730 2192 764 2210 est
773 2186 843 2211 DN‘
854 2190 973 2210 omettono
982 2191 1005 2210 et
1058 2194 1095 2210 at.
1104 2186 1172 2210 ΙᾹΝΙ
1188 2191 1310 2216 potuerunt
1363 2194 1400 2217 ²7-
1415 2188 1453 2210 Me
1467 2187 1562 2217 physion

389 2281 432 2317 (1)
450 2281 493 2309 ef.
512 2281 559 2309 ub.
578 2282 709 2319 V111‚ep.
725 2291 757 2316 v;
776 2283 811 2316 11,
832 2283 891 2318 382.

388 2325 431 2359 (2)
451 2318 472 2351 Ε
492 2330 595 2360 questa,
615 2333 696 2352 cume
712 2326 734 2352 si
753 2334 791 2358 sa,
804 2325 830 2353 la
843 2325 935 2353 defini-

352 2365 432 2393 zione
445 2366 633 2400 ciceroniana;
653 2366 686 2395 cf.
707 2367 778 2395 Tusc.
789 2367 837 2401 IV,
851 2375 933 2403 xxvi,

355 2416 395 2444 57·

1017 2282 1062 2318 (3)
1082 2282 1126 2310 Cf.
1135 2288 1200 2310 nota
1213 2290 1224 2309 1
1236 2291 1252 2309 a
1262 2291 1288 2318 p.
1301 2282 1350 2318 587
1359 2281 1387 2309 di
1397 2287 1495 2318 questo
1505 2280 1561 2309 vol.

1015 2325 1059 2362 (4)
1079 2326 1193 2354 Hom-r.
1212 2326 1260 2363 Ep.
1280 2325 1315 2359 11,
1334 2333 1373 2358 m,
1395 2332 1529 2362 309·3¹0·

1014 2368 1058 2404 (5)
1075 2369 1138 2397 Cre.
1165 2369 1207 2396 De
1233 2373 1299 2396 orat.
1321 2368 1367 2395 lib.
1391 2368 1414 2401 1,
1437 2377 1497 2404 cap.
1522 2375 1561 2401 vx,

979 2411 995 2447 S
1014 2419 1066 2445 20;
1086 2420 1132 2439 ma
1146 2411 1167 2439 il
1181 2417 1251 2439 testo
1272 2421 1287 2436 α
1299 2410 1454 2439 efflorescat
1462 2421 1488 2438 n.

1593 884 1632 908 10

1591 1178 1630 1211 15

1589 1534 1633 1559 20

1590 1886 1630 1920 25
