1682 2762
75 394 109 415 ιη’
125 393 182 422 quali
201 399 262 413 nasce
279 399 290 412 ι

75 421 141 445 volte,
146 426 206 441 come
212 421 233 439 iu
240 420 290 439 Dio-

76 448 119 474 aigi
127 448 147 468 di
156 447 249 468 Sirncuu
256 453 289 466 nv-

76 481 150 499 venne,

82 962 96 982 il
110 961 208 981 desiderio
221 959 293 979 d'ami-

82 989 132 1009 cizia
146 988 179 1008 coi
194 987 264 1008 buoni.

114 1366 148 1386 Ma
169 1367 180 1386 ὲ
200 1365 300 1386 desiderio

89 1400 152 1418 vano,
165 1392 248 1428 ,perche
275 1391 301 1411 nd

90 1427 102 1467 1⁰
104 1426 163 1467 ⁵32?
173 1425 302 1472 23302532‘3

90 1480 145 1494 uano
160 1472 188 1499 gli
205 1473 268 1492 mimi
282 1472 302 1491 di

91 1499 138 1527 que’
149 1499 225 1519 tiranni
234 1505 240 1524 ;

98 1959 131 1978 coi
141 1957 195 1985 qunli
203 1964 245 1978 non
253 1957 308 1978 deesi

97 1985 185 2011 sti-inger
194 1984 284 2005 amiciti.
294 1991 307 2005 o

98 2011 209 2035 troium-ln.
219 2018 262 2031 non
273 2018 307 2038 np-

97 2044 148 2065 pena
161 2043 239 2058 strena.

321 257 381 290 188
738 256 1081 287 EPISTOLARIO

317 389 562 434 superbissimos
586 387 735 420 homines
759 394 790 419 et
817 394 983 427 tyramnos
1016 383 1148 416 miratos
1185 382 1362 415 amicorum
1387 380 1510 414 fidem:

317 449 398 481 sicut
418 447 457 480 de
476 446 636 488 Dionysio
661 444 863 487 Syracusano
888 441 1003 485 legitur
1026 452 1044 473 a
1066 439 1192 474 duobus
1216 439 1278 473 illis
1297 438 1512 483 Pythagorice

319 513 402 539 secte
418 501 648 547 professoribus
666 500 844 534 amiciciam
862 499 1033 543 optavisse.
1075 508 1163 537 nam,
1178 509 1252 530 cum
1267 508 1351 530 unus
1366 497 1513 540 ipsorum

319 563 420 606 capite
440 573 495 605 per
518 559 714 603 Dionysium
738 557 909 591 damnatus
932 565 1027 596 esset,
1049 564 1137 589 tanta
1168 554 1229 589 fuit
1258 564 1388 599 tamque
1411 553 1513 587 fidelis

319 620 401 653 inter
424 619 510 663 ipsos
534 617 689 657 amicicia,
708 615 796 660 quod
811 614 1014 648 indemnatus
1030 624 1089 658 pro
1109 612 1262 646 damnato
1281 623 1338 646 vas
1361 612 1515 646 remansit

318 687 348 711 et
371 677 475 717 obses,
499 685 533 709 ut
556 686 612 719 pro
637 674 702 714 illo,
722 675 747 707 si
762 684 830 707 non
846 672 961 706 rediret
977 671 1018 706 ad
1034 671 1121 705 diem
1141 679 1304 711 statutam,
1323 670 1515 714 supplicium

319 735 512 768 destinatum
534 733 635 766 lueret
651 741 682 766 et
701 731 829 765 subiret.
877 738 908 763 et
932 741 1006 763 cum
1029 728 1082 762 ille
1106 729 1140 762 in
1163 729 1364 762 extremitate
1387 727 1517 761 termini

317 792 442 826 socium
467 790 654 824 liberaturus
679 789 920 833 comparuisset,
943 787 1172 831 obstupescens
1191 786 1371 830 Dionysius
1394 794 1516 819 tantam

319 861 351 884 et
369 860 434 884 tam
458 850 616 883 sinceram
632 848 776 881 amicicie
793 847 903 887 fidem,
922 857 985 890 que
1005 845 1150 890 profecto
1170 846 1272 879 maior
1291 856 1360 879 esse
1376 856 1441 878 non
1458 855 1517 888 po-

320 918 390 949 test,
414 919 524 952 quam,
548 916 583 940 ut
607 915 739 940 testatur
756 906 892 946 Veritas,
914 905 1054 938 animam
1085 914 1177 937 suam
1195 914 1316 947 ponere
1335 914 1393 947 pro
1413 903 1518 936 amico

320 978 379 1001 suo
390 966 440 1007 (¹);
457 966 587 1010 ipsaque
600 963 784 997 mirabiliter
793 963 966 997 delectatus
979 962 1167 999 damnatum
1181 961 1318 995 absolvit
1329 972 1426 1005 seque
1438 960 1521 994 inter

321 1026 407 1069 ipsos
430 1023 557 1057 inscribi
581 1022 709 1056 tertium
734 1033 809 1055 cum
832 1021 984 1054 instantia
1007 1019 1181 1064 postulavit
1195 1019 1240 1053 (²).
1287 1018 1344 1053 sed
1369 1018 1455 1052 aliud
1473 1027 1522 1052 est

322 1082 409 1127 quod
433 1081 577 1121 facimus,
602 1079 689 1113 aliud
712 1089 759 1113 est
787 1087 936 1123 appetere
966 1077 1055 1123 quod
1091 1077 1256 1111 debemus.
1303 1076 1366 1110 hoc
1400 1076 1522 1110 etenim

323 1141 419 1174 etiam
442 1138 626 1172 nolentibus
649 1149 683 1171 se
707 1138 841 1182 ingerit;
864 1136 943 1170 illud
978 1137 1065 1170 enim
1100 1135 1231 1169 nonnisi
1262 1146 1337 1168 cum
1371 1134 1523 1168 volumus

325 1207 357 1231 et
382 1197 531 1240 eligimus
555 1196 785 1240 amplexamur.
833 1194 872 1228 ad
901 1193 963 1227 hoc
993 1202 1104 1227 nature
1129 1193 1265 1234 bonitas,
1285 1204 1347 1237 que
1370 1191 1524 1226 vitiorum

326 1255 414 1289 mole
437 1266 504 1288 non
527 1262 635 1298 potest
657 1253 691 1286 in
715 1262 822 1287 totum
845 1252 1001 1297 extingui,
1018 1263 1080 1285 nos
1096 1251 1229 1296 impellit
1244 1259 1423 1291 et.movet;
1447 1249 1524 1283 illud

327 1325 402 1347 vero
427 1322 535 1347 nostre
559 1312 733 1346 voluntatis
769 1311 933 1345 arbitrium
969 1310 1028 1344 sibi
1064 1309 1296 1354 complacendo
1330 1308 1471 1342 decernit
1493 1317 1526 1342 et

328 1373 463 1416 imperat
478 1370 671 1405 faciendum.
717 1381 840 1403 vanum
856 1370 943 1403 enim
963 1368 1157 1402 desiderium
1177 1368 1329 1412 Dionysii
1345 1367 1525 1401 amiciciam

331 1430 486 1473 cupientis
510 1438 586 1469 erat,
610 1428 636 1461 si
659 1438 708 1468 ea,
732 1439 807 1461 cum
830 1426 944 1471 quibus
969 1426 1114 1460 amicicia
1136 1436 1217 1460 stare
1243 1436 1311 1459 non
1334 1433 1450 1470 potest,
1473 1436 1526 1458 su·

331 1487 484 1532 perbiam,
509 1486 728 1520 crudelitatem
752 1494 784 1519 et
807 1485 866 1518 alia
889 1485 966 1518 vitia
985 1485 1146 1528 deponere
1165 1495 1233 1517 non
1252 1482 1395 1523 volebat;
1414 1482 1441 1516 si
1459 1493 1526 1516 non

334 1545 461 1579 curabat
484 1544 553 1578 talis
577 1556 617 1577 ex
641 1543 750 1577 habitu
773 1543 930 1576 virtutum
953 1554 1034 1583 esse,
1057 1541 1144 1586 quod
1172 1541 1272 1575 amari
1296 1540 1411 1586 dignus
1433 1539 1527 1581 foret,

334 1603 422 1648 quod
445 1602 505 1636 illis
528 1602 755 1647 perfectissime
787 1601 966 1635 dilectionis
999 1601 1073 1634 viris
1105 1611 1140 1633 se
1173 1598 1374 1633 conformem
1406 1598 1528 1631 meritis

336 1661 509 1696 exhiberet.
569 1669 694 1704 oportet
717 1659 875 1704 siquidem
899 1658 987 1703 quod
1014 1658 1069 1703 qui
1101 1657 1170 1692 vult
1203 1657 1377 1691 honestum
1410 1654 1528 1700 aliquid

337 1719 477 1764 adipisci,
495 1730 560 1763 quo
577 1718 670 1751 faciat
685 1718 769 1752 votis
783 1717 869 1757 satis,
885 1716 982 1751 simul
1001 1725 1032 1750 et
1046 1716 1098 1750 illa
1117 1714 1273 1749 desideret
1289 1724 1384 1758 atque
1403 1713 1528 1752 habeat.

336 1778 405 1811 sine
428 1776 542 1821 quibus
566 1776 605 1810 ad
629 1776 662 1809 id
686 1784 823 1820 nequeat
845 1775 1026 1819 pervenire;
1049 1773 1103 1807 illa
1125 1773 1270 1807 similiter
1293 1772 1407 1806 evellat
1433 1779 1529 1816 atque

335 1836 476 1879 resignet
507 1846 568 1878 que
600 1834 659 1867 sibi
694 1841 829 1877 possunt
860 1843 929 1866 esse
963 1831 1197 1876 impedimento
1227 1843 1331 1876 queve
1365 1838 1531 1875 nequeunt

337 1906 410 1928 cum
430 1906 462 1927 re
486 1905 584 1938 quam
608 1892 764 1926 desiderat
785 1891 950 1936 possideri.
1008 1890 1219 1935 quamobrem
1235 1891 1271 1931 si,
1292 1899 1327 1924 ut
1349 1898 1424 1923 sunt
1446 1899 1530 1922 mor·

335 1953 446 1986 talium
466 1963 598 1992 errores,
617 1962 677 1985 nos
697 1952 839 1985 amicicie
860 1951 983 1985 cultum
1003 1962 1077 1984 cum
1097 1949 1200 1983 taliter
1217 1947 1336 1982 affectis
1360 1946 1532 1991 contigerit

335 2010 514 2051 inchoasse,
539 2009 694 2043 referendi
718 2018 793 2043 sunt
815 2009 911 2053 pedes
931 2008 1112 2053 gradusque
1131 2006 1273 2041 celeriter
1291 2004 1486 2040 retrahendi:

511 2085 695 2121 Improvisum
715 2086 800 2120 aspris
819 2084 903 2111 veluti
921 2085 967 2120 qui
986 2083 1106 2111 sentibus
1125 2091 1243 2118 anguem

513 2134 615 2161 Pressit
633 2134 710 2161 humi
728 2134 824 2166 nitens,
842 2134 1017 2169 trepidusque
1035 2138 1146 2168 repente
1165 2131 1264 2167 refugit

514 2182 692 2210 Attollentem
711 2183 764 2209 iras
783 2188 809 2209 et
827 2181 918 2209 cerula
938 2181 1009 2208 colla
1027 2187 1196 2214 tumentem;

375 2286 395 2302 2.
411 2279 467 2303 Cod.
480 2278 597 2307 sicusano;
612 2279 734 2308 aggiunto
749 2285 773 2301 ra
788 2279 812 2300 in
828 2279 964 2302 interlinea.

371 2370 412 2404 (1)
431 2369 474 2397 Cf.
494 2379 515 2397 s.
535 2370 597 2397 1011.
614 2370 674 2405 XV,
698 2378 737 2405 13.

373 2418 414 2454 (2)
434 2418 474 2446 Cf.
488 2418 560 2446 Vm..
573 2419 651 2446 Max.
665 2427 710 2454 op.
727 2419 772 2446 cit.
787 2419 847 2452 1111,
861 2426 911 2451 vn,
930 2425 982 2446 ext.
1004 2427 1025 2445 1.

1550 908 1589 932 10

1553 1197 1590 1229 15

1553 1489 1597 1513 20

1556 1775 1597 1808 25

1560 2081 1602 2115 30
