1708 2774
112 435 123 449 e
137 427 206 449 “erile
217 426 308 447 d'effettii

137 773 191 798 Ami,
211 778 232 792 se
249 771 318 795 vuole,

111 807 144 821 mn
166 805 205 820 con
226 798 265 818 fine
299 798 320 817 iu

111 827 191 847 elevato
202 831 212 845 e
220 825 253 852 piu
261 824 318 848 utile,

110 1007 167 1032 non·
199 998 319 1031 luci-arioni

110 1033 216 1048 “nonne
234 1033 246 1046 ι
265 1032 320 1052 npu-

110 1059 141 1074 m·
154 1054 219 1080 degne
233 1053 254 1072 di
272 1051 319 1072 iode

108 1245 136 1285 pn
150 1238 220 1259 sueno
237 1244 320 1259 aemun-

116 1272 135 1291 e)

109 1466 131 1486 in
153 1466 185 1487 eui
204 1466 224 1485 1·
243 1465 319 1486 felicita

109 1499 150 1513 non
166 1492 245 1513 riniede.

136 1630 215 1651 Ritomi
225 1629 285 1650 nlfiue
296 1631 318 1650 in

110 1658 132 1677 se
149 1664 160 1677 e
176 1657 283 1677 riconosca
298 1658 318 1677 la

109 1683 193 1704 validm
211 1684 231 1704 di
252 1684 318 1711 questi

110 1711 228 1738 ugomenti.

350 287 391 330 38
770 287 1107 318 EPISTOLARIO

348 431 408 464 que
431 418 566 452 inaniter
593 415 702 449 amas?
745 413 822 459 quid
846 414 934 447 enim
965 423 1062 457 quam
1093 413 1152 446 iter
1182 422 1343 445 assumere
1373 410 1480 445 solum
1503 420 1539 446 ut

348 476 456 517 vadas,
475 487 540 509 non
567 483 602 508 ut
626 473 777 518 quopiam
797 471 994 516 perducaris3
1019 471 1135 504 intrare
1159 469 1287 510 fretum,
1307 479 1344 504 ut
1369 480 1538 514 nunquam

348 534 484 578 attingas
507 532 546 566 ad
569 541 711 576 portum;
731 531 809 564 inire
825 541 980 574 pugnam,
995 538 1030 562 ut
1049 528 1156 562 solum
1171 539 1310 573 pugnes,
1329 538 1397 561 non
1416 537 1452 561 ut
1467 527 1539 561 vin·

347 603 414 633 cas3
433 602 534 625 serere
557 590 679 623 semina
697 601 738 623 ne
761 587 902 622 fructum
920 587 1024 631 legas;
1044 586 1291 631 negociatorum
1306 585 1430 620 labores
1450 596 1538 619 assu-

347 662 431 684 mere
455 661 495 683 ne
517 648 660 689 lucreris;
685 647 810 681 studere
833 658 875 680 ne
898 645 1013 686 discas3
1037 644 1231 679 manducare
1254 656 1295 678 ne
1318 645 1435 678 vivas?
1481 643 1538 678 sed

346 708 447 741 dices:
472 719 512 740 an
535 706 708 740 amandum
733 714 779 739 est
803 704 841 738 ad
865 703 1049 738 libidinem?
1094 715 1172 745 non,
1191 703 1337 748 inquam,
1357 702 1413 736 sed
1433 702 1473 736 ad
1488 715 1540 737 sa-

345 766 445 800 lutem
469 765 519 798 vel
542 764 655 798 saltem
679 763 718 798 ad
741 763 956 803 honestatem,
975 773 1035 796 nec
1057 761 1165 795 solum
1185 760 1361 795 amandum
1380 770 1416 795 ut
1435 772 1540 803 ames,

345 823 401 857 sed
428 832 463 857 ut
486 823 538 856 hic
561 822 729 856 amationis
754 831 840 855 actus
863 821 896 854 in
925 820 1009 854 aliud
1032 819 1206 854 ordinetur.
1255 831 1333 854 cave
1356 819 1539 864 diligenter,

345 882 372 916 si
393 890 476 915 recte
500 892 594 925 agere
618 880 755 914 volueris
779 880 830 913 vel
853 890 970 919 amare,
994 889 1035 912 ne
1059 887 1090 912 te
1113 878 1286 912 sensitivus
1309 876 1442 912 affectus
1465 889 1540 912 mo-

346 949 420 973 veat
448 950 530 972 neve
553 939 588 972 in
614 938 714 972 finem
738 949 804 971 non
828 937 970 971 debitum
990 936 1142 980 dirigariS.
1189 936 1265 969 hinc
1289 945 1321 970 et
1344 935 1420 970 inde
1439 936 1539 981 respi-

347 998 420 1038 cias,
443 1009 483 1030 ne
506 1005 609 1041 preter
630 996 787 1030 rationem
802 995 874 1029 finis
898 987 1083 1029 alliciat'aut
1102 994 1349 1028 tumultuarium
1369 993 1488 1039 aliquid
1507 1003 1540 1028 te

346 1055 496 1100 impellat.
543 1066 610 1089 non
633 1063 664 1088 te
688 1054 782 1088 ducat
805 1053 844 1087 ad
867 1053 1042 1087 amandum
1066 1053 1184 1097 passio,
1206 1064 1270 1098 que
1293 1062 1416 1097 quanto
1444 1051 1540 1087 fuerit

346 1115 458 1155 maior,
482 1122 571 1148 tanto
594 1112 811 1154 inordinatior,
831 1112 887 1146 sed
911 1112 1006 1146 libera
1024 1111 1186 1145 redeuntis
1203 1123 1222 1144 a
1240 1121 1390 1156 percepto
1409 1123 1447 1145 ac
1460 1122 1539 1146 vero

345 1171 410 1205 fine
432 1171 563 1205 rationis
587 1170 711 1205 electio.
757 1170 789 1203 in
812 1170 875 1203 hoc
899 1179 1006 1204 autem
1031 1181 1154 1210 amore,
1173 1169 1228 1214 qui
1247 1181 1323 1203 vere
1338 1180 1406 1203 non
1425 1170 1539 1212 virtus,

346 1229 402 1263 sed
424 1229 528 1274 passio
552 1238 609 1269 est,
629 1228 770 1270 morbus,
789 1228 954 1262 infirmitas
978 1237 1010 1261 et
1033 1227 1180 1272 egritudo
1204 1228 1322 1262 mentis
1345 1237 1378 1262 et
1395 1227 1539 1270 rationis,

347 1288 397 1321 cui
419 1287 603 1320 sensualitas
622 1286 814 1326 dominetur,
830 1286 965 1330 impellit
984 1296 1016 1320 et
1033 1295 1146 1320 movet
1167 1296 1199 1320 te
1216 1295 1270 1320 tue
1294 1286 1441 1320 Iohanne
1463 1297 1540 1320 vera

346 1345 397 1378 vel
421 1344 536 1379 credita
559 1344 748 1389 pulcritudo.
794 1344 916 1378 detinet
939 1354 1047 1378 autem
1067 1343 1141 1378 finis
1160 1343 1222 1385 ille,
1246 1355 1345 1388 quem
1367 1344 1462 1389 ponis
1489 1355 1539 1378 se-

346 1414 440 1447 qun,
461 1403 577 1436 scilicet
606 1411 659 1436 tue
687 1403 879 1446 precationis
899 1402 1078 1436 delectatio.
1124 1403 1158 1436 in
1177 1413 1250 1447 qua,
1270 1402 1345 1436 licet
1362 1402 1539 1447 plurimum

346 1473 439 1501 erres,
459 1461 545 1494 vides
568 1470 687 1501 tamen,
712 1472 785 1495 cum
812 1470 963 1505 perpetua
986 1472 1054 1495 non
1078 1461 1118 1495 sit
1140 1461 1312 1505 multisque
1331 1461 1540 1495 coniunctam

345 1519 511 1563 experiaris
524 1519 705 1564 angoribus,
719 1519 890 1553 consistere
914 1531 981 1553 non
1005 1530 1099 1564 posse
1116 1518 1347 1553 beatitudinem
1362 1529 1395 1554 et
1406 1519 1540 1554 felicita-

344 1586 421 1618 tem,
437 1589 532 1621 quam
555 1589 652 1611 nemo
675 1589 741 1611 non
764 1586 869 1622 potest
893 1587 1012 1622 optare.

410 1636 596 1679 Resipiscas,
610 1634 705 1669 frater
717 1635 887 1676 carissime,
898 1636 1082 1681 resipiscas;
1098 1645 1130 1670 et
1142 1636 1218 1670 licet
1233 1635 1272 1670 ad
1288 1635 1455 1671 libidinem
1471 1646 1540 1670 non

343 1705 442 1735 ames,
454 1705 520 1727 non
537 1693 692 1728 arbitreris
708 1703 815 1727 tamen
832 1695 968 1728 omnino
985 1704 1016 1728 te
1035 1695 1167 1739 turpiter
1181 1706 1249 1728 non
1261 1706 1379 1729 amare.
1426 1694 1540 1729 validis

344 1752 439 1796 igitur
457 1752 640 1793 rationibus,
655 1754 680 1786 si
695 1762 797 1796 poteS,
810 1753 900 1797 sique
916 1752 1020 1787 adhuc
1039 1752 1271 1787 invaliditatem
1286 1762 1342 1787 tue
1358 1765 1453 1788 cause
1471 1764 1539 1787 non

344 1810 481 1854 respicis,
497 1818 527 1843 te
546 1819 648 1844 tuere:
673 1821 739 1844 non
759 1822 822 1855 ago
843 1819 951 1845 tecum
974 1821 1010 1846 ut
1025 1810 1214 1856 predicator,
1233 1811 1289 1846 sed
1306 1811 1433 1856 loquor,
1450 1810 1540 1856 quod

1571 943 1611 968 10

1570 1234 1608 1268 15

1567 1534 1611 1559 20

1567 1821 1608 1856 25

344 1867 434 1911 petiS‚
451 1877 485 1901 ut
500 1867 610 1910 homo,
630 1880 696 1902 non
714 1868 895 1913 sophisticis
911 1871 1122 1914 argumentis,
1141 1870 1199 1904 sed
1216 1870 1395 1904 rationibus
1413 1870 1540 1915 planis-‚3
1592 1916 1597 1924 ‚

343 1935 411 1958 non
441 1937 599 1966 serenum,
626 1926 683 1959 sed
712 1926 884 1967 turbidum,
909 1939 976 1961 non
1006 1928 1240 1973 incorruptum,
1264 1928 1322 1963 sed
1348 1927 1540 1973 culpabilem

344 1993 486 2017 amorem
504 1992 595 2018 tuum
614 1984 832 2027 considerans;
852 1985 993 2031 voloque
1009 1987 1043 2020 in
1062 1986 1126 2020 hoc
1144 1986 1216 2021 solo
1232 1997 1274 2029 te,
1290 1987 1317 2021 si
1335 1986 1404 2021 fieri
1423 1986 1539 2028 valeat,

342 2040 557 2076 innocentem.
603 2055 662 2076 nec
678 2055 730 2077 me
749 2044 853 2078 sentio
869 2044 977 2086 talem,
996 2045 1125 2090 qualem
1143 2054 1176 2079 te
1191 2057 1262 2080 esse
1277 2045 1441 2080 desidero:
1464 2045 1540 2080 licet

316 2130 318 2132 ,
342 2109 381 2132 ex
397 2098 460 2133 hoc
477 2100 511 2134 in
532 2112 594 2142 me,
610 2110 765 2145 quantum
781 2102 820 2136 ad
838 2103 1005 2137 veritatem
1017 2104 1139 2145 attinet,
1152 2103 1234 2138 forte
1251 2105 1416 2139 minuatur
1428 2113 1540 2139 aucto·

341 2156 413 2190 ritas
420 2169 430 2198 3
461 2157 495 2191 in
518 2167 549 2192 te
572 2167 679 2193 tamen
702 2172 761 2194 nec
784 2160 852 2194 tolli
876 2161 977 2205 possit
999 2161 1154 2207 obligatio
1176 2174 1237 2197 nec
1253 2162 1313 2196 alia
1331 2162 1446 2197 debeat
1469 2173 1539 2197 esee

342 2214 497 2250 voluntas.
544 2228 640 2261 quam
664 2219 691 2252 si
716 2218 864 2253 cohibeas
888 2228 920 2253 et
945 2220 1061 2254 rationi
1091 2220 1273 2262 subieceris,
1296 2220 1390 2266 plane
1413 2220 1537 2255 bonum

342 2271 507 2307 hominem
529 2283 560 2308 te
584 2275 758 2320 appellabo,
782 2276 857 2311 licet
875 2277 1050 2312 multarum
1068 2290 1176 2313 rerum
1194 2279 1376 2324 integritate
1395 2279 1538 2314 hominis

343 2329 465 2365 bonitas
488 2332 675 2376 perficiatur.
723 2347 783 2369 nec
807 2335 903 2370 credo
926 2346 969 2378 te,
993 2338 1053 2371 nisi
1083 2338 1167 2372 veris
1193 2337 1537 2383 argumentationibus,

399 2464 430 2487 16.
441 2464 491 2495 cui]
505 2466 559 2489 cod.
574 2467 608 2489 tui
676 2475 716 2498 34.
732 2469 753 2492 11
764 2470 855 2499 copx'eta
869 2477 941 2494 ama
954 2472 1035 2495 serino
1048 2472 1187 2501 argumentis
1200 2474 1243 2496 che
1255 2479 1368 2498 con-eene.

1567 2112 1610 2146 30
