1682 2762
94 871 134 896 10

93 1160 130 1194 15

428 219 476 247 DI
506 218 773 247 COLUCCIO
806 217 1083 245 SALUTATI.

1290 217 1352 250 223

163 343 251 377 enim
273 354 341 376 non
363 342 549 387 indignetur
571 351 602 376 te
626 342 787 376 Pieridum
811 342 933 386 spiritu,
956 341 1035 375 dum
1057 353 1135 385 puer
1157 351 1253 381 esses,
1270 340 1356 373 affla-

163 409 244 440 tum,
256 411 378 444 pennas
393 411 461 433 non
476 399 681 434 mediocriter
700 399 739 432 ad
754 399 900 433 volatum
916 400 1106 433 altissimum
1118 397 1357 439 extendentem,

163 457 244 492 adeo
258 457 478 492 miserabiliter
490 458 524 491 in
539 458 605 491 ima
624 469 829 499 conversum,
840 457 927 502 quod
942 456 1114 491 nutricibus
1133 457 1195 491 tuis
1213 457 1356 500 ingratus

162 515 307 560 linguam
338 527 431 550 acuas
454 525 489 549 ut
511 525 684 560 serpente8‚
708 527 774 560 quo
802 515 870 548 illas
893 524 942 549 tot
964 515 1136 549 venenosis
1159 513 1356 548 maledictio-

162 573 258 607 nibus
276 574 437 607 insecteris
451 573 466 606 ?
509 573 637 618 pudeat,
652 573 779 617 pudeat,
793 574 953 607 carissime
969 573 1014 606 mi
1029 572 1202 613 Iohannes,
1215 572 1271 605 has
1290 581 1355 605 stu·
1373 615 1379 621 ¹

162 630 287 665 diorum
299 640 430 665 tuorum
442 631 576 665 comites
590 640 708 675 tueque
719 630 817 672 fame,
828 641 1019 675 quecunque
1034 629 1157 670 volitet,
1173 629 1355 669 effectrices,

160 697 229 722 tam
252 687 443 722 mordaciter
464 700 608 734 pungere
627 698 659 722 et
677 698 743 722 tam
767 697 958 733 pungenter,
981 687 1146 732 presertim
1169 687 1356 728 immeritas,

161 745 494 787 momordisse3>nam
517 747 544 780 si
566 745 622 780 tibi
646 755 803 790 quantum
830 745 964 780 contulit
987 746 1112 790 poetica
1143 744 1355 785 subtrahatur,
1383 770 1390 791 ¹

161 814 228 837 non
250 813 282 837 te
306 804 442 848 decipias
466 815 570 848 neque
593 803 648 838 tibi
672 805 736 838 tuis
758 804 792 837 in
816 802 972 837 erroribus
996 802 1175 843 blandiaris,
1194 802 1275 836 adeo
1298 814 1356 847 pu-

160 860 248 894 sillus
282 861 427 905 adeoque
463 873 582 895 vacuus
616 860 806 901 remanebis,
836 859 936 905 quod,
958 861 985 893 si
1014 860 1071 894 tibi
1105 860 1294 900 constiteris,
1324 869 1356 893 te

159 918 271 963 procul
290 918 390 953 dubio
408 918 582 964 indignum
599 919 720 953 iudices
735 919 790 963 qui
809 918 850 952 ad
869 918 1008 963 aliquem
1027 917 1190 964 dignitatis
1208 917 1356 962 gradum,

159 988 257 1021 quem
279 977 368 1022 quod
391 989 459 1011 non
483 977 600 1011 habeas
624 978 717 1011 anxie
740 986 934 1021 conquestus
958 989 1003 1018 es,
1026 976 1142 1010 debeas
1160 977 1355 1021 promoveri.

160 1034 312 1079 quicquid
335 1035 424 1069 enirn
449 1047 541 1070 versu
565 1044 668 1080 potes,
687 1034 837 1080 quicquid
860 1036 930 1069 sine
954 1034 1150 1069 barbarismo
1173 1043 1261 1068 recto
1285 1045 1357 1079 pro-

160 1150 273 1184 eadem
296 1150 353 1184 tibi
377 1151 539 1195 magistra,
552 1150 630 1184 dum
649 1159 682 1184 te
700 1162 755 1195 pre
774 1150 842 1184 aliis
861 1151 996 1190 extollit,
1021 1150 1195 1195 expedivit:
1221 1160 1252 1184 et
1270 1150 1356 1184 unde

159 1208 298 1241 nitorem
321 1207 422 1248 illum,
445 1219 512 1252 quo
534 1207 679 1242 laudatus
705 1207 745 1242 ad
763 1209 923 1252 regiarum
946 1208 1123 1242 litterarum
1147 1207 1356 1242 dictationem

159 1276 260 1309 usque
276 1265 401 1305 venisti,
413 1274 446 1298 te
459 1274 586 1310 reputas
606 1265 784 1310 collegisse,
804 1266 864 1300 nisi
885 1278 923 1299 ex
939 1266 1022 1310 agris
1037 1267 1161 1310 poetice
1176 1266 1356 1300 facultatis?

159 1322 210 1357 dic
229 1322 344 1357 michi:
368 1323 393 1356 si
418 1323 511 1358 detur
533 1324 659 1364 electio,
682 1323 759 1368 quid
783 1324 895 1358 malis?
941 1335 981 1358 an
1004 1324 1156 1368 indignus
1179 1324 1285 1369 aliquo
1309 1324 1355 1358 di-

212 1493 236 1516 6.
251 1493 308 1517 Θοά-
322 1499 367 1523 qne
379 1500 433 1517 eum
447 1494 516 1517 volite

159 1599 202 1621 sto
219 1593 247 1621 io
265 1602 322 1621 non
341 1595 429 1622 oserei
448 1597 514 1631 pero
528 1595 669 1624 affer-maxe
682 1596 733 1624 che

159 1635 185 1662 la
204 1641 327 1671 presente
346 1637 386 1663 sia
401 1637 520 1664 davvero
532 1638 631 1665 rivolta
645 1638 671 1665 al
682 1638 734 1666 Ra-

159 1683 283 1705 vennate.
319 1678 358 1706 Le
373 1679 478 1714 querele
491 1679 542 1707 che
555 1680 572 1706 il
586 1688 733 1716 personag-

158 1719 204 1755 gio
224 1729 239 1747 a
259 1720 302 1748 cui
321 1722 408 1748 scrive
424 1721 557 1749 Coluecio
569 1722 683 1750 avrebbe
698 1722 733 1750 ef-

158 1761 217 1789 fuso
235 1768 329 1790 cunno
352 1762 371 1790 il
399 1763 502 1791 darino
526 1765 732 1792 ostinatamente

159 1811 273 1831 avverso
291 1804 318 1830 ai
335 1804 396 1831 suoi
413 1805 493 1841 sogni
509 1805 648 1834 ambitiosi
662 1815 732 1834 sono

157 1844 209 1871 ben
228 1853 300 1880 poco
318 1845 453 1873 conformi
466 1846 493 1873 al
507 1846 584 1874 virile
595 1847 733 1884 disprezzo

159 1886 209 1914 che
219 1886 355 1914 Giovanni
365 1888 399 1915 da
408 1888 539 1916 Ravenna
550 1890 656 1916 ostento
666 1898 733 1918 sem-

158 1937 205 1964 pre
224 1937 272 1965 per
289 1929 315 1956 le
334 1930 469 1958 ricehezze
494 1931 526 1958 ed
553 1931 570 1958 il
595 1931 674 1964 sasto,
693 1933 732 1959 di—

157 1978 266 2006 sprezzo
278 1979 334 1998 non
346 1972 465 2000 soltanto
475 1973 646 2001 manifestato
657 1974 732 2010 negli

157 2012 241 2039 scritti
250 2012 315 2047 (che
333 2013 463 2041 von-ebbe
477 2015 518 2041 dir
532 2015 626 2050 poco),
639 2023 684 2042 ma
697 2015 732 2042 ri-

157 2059 340 2090 petutamente
373 2055 542 2083 confermato
575 2057 644 2093 cogli
675 2058 731 2085 atti.

158 2094 257 2123 Sicche
269 2102 444 2133 quantunque
456 2106 512 2125 non
526 2099 610 2126 scarsi
622 2100 656 2126 ne
669 2099 732 2126 lievi

157 2137 237 2164 indizi
256 2137 294 2164 mi
320 2139 451 2174 spronino
470 2147 486 2166 a
503 2140 685 2168 riconoscerlo
703 2141 732 2168 in

158 2177 228 2206 colui
237 2179 263 2205 al
275 2179 354 2215 quale
363 2181 449 2216 quest’
456 2181 571 2217 epistola
582 2181 610 2209 fu
623 2182 732 2216 inviata,

157 2229 222 2256 pure
237 2221 383 2257 preferisco
398 2222 507 2251 lasciare
521 2224 613 2252 almen
625 2233 672 2261 per
684 2234 731 2253 ora

157 2262 183 2289 la
202 2270 265 2290 cosa
283 2264 327 2291 nel
343 2264 447 2292 dubbio.

193 2305 236 2332 Ne
254 2315 317 2333 rnen
335 2306 433 2335 dubbia
451 2307 602 2336 lasceremo
624 2309 651 2337 la
670 2310 731 2337 data

159 2347 230 2375 della
247 2356 378 2384 presente,
397 2351 496 2386 perche
514 2360 543 2380 se
571 2352 732 2388 ragionevol

158 2390 279 2425 sarebbe,
290 2399 343 2419 ove
354 2391 398 2420 del
411 2393 566 2421 Ravennate
580 2403 639 2422 essa
651 2395 731 2428 tratti,

779 1597 927 1624 collocarla
946 1597 991 1624 nel
1009 1597 1091 1634 luogo
1119 1597 1162 1624 ch'
1173 1606 1204 1624 or
1231 1597 1257 1624 le
1285 1606 1355 1625 asse-

779 1639 900 1674 gnhmo,
927 1639 1130 1675 quand'invece
1158 1639 1183 1666 d'
1195 1639 1254 1666 altri
1283 1638 1354 1666 fosse

779 1682 931 1717 questione,
959 1682 1042 1708 unico
1069 1681 1169 1708 indizio
1195 1690 1210 1708 a
1229 1681 1354 1708 ritenerla

778 1724 868 1750 scritta
886 1723 914 1750 in
934 1730 1036 1751 cotesto
1054 1729 1134 1750 torno
1153 1724 1180 1750 di
1207 1730 1301 1760 tempo
1319 1725 1354 1750 ri-

778 1765 918 1792 marrebbe
937 1765 955 1792 il
974 1770 1051 1801 posto
1070 1765 1120 1792 che
1135 1773 1239 1801 occupa
1252 1765 1296 1792 nel
1309 1773 1354 1792 co-

777 1806 852 1843 dice3
869 1815 885 1834 e
903 1807 922 1834 l‘
933 1807 1040 1841 indizio‚
1059 1815 1138 1834 come
1160 1813 1256 1844 troppe
1281 1807 1354 1835 volte

777 1849 799 1875 si
817 1850 833 1876 e
851 1849 959 1882 veduto,
982 1857 1038 1876 non
1065 1850 1150 1876 riesce
1177 1849 1352 1877 validissimo.

777 1890 850 1918 Vero
862 1892 877 1918 e
890 1892 1002 1918 turiavia
1016 1891 1067 1918 che
1081 1891 1107 1918 la
1120 1891 1213 1927 lingua
1227 1900 1241 1919 e
1254 1891 1282 1919 lo
1294 1892 1353 1919 stile

779 1934 802 1961 ci
816 1934 1063 1970 consiglierebbero
1082 1934 1108 1960 in
1127 1934 1192 1970 ogni
1210 1943 1274 1961 caso
1294 1943 1309 1961 a
1322 1935 1354 1961 ri·

778 1975 910 2002 condurre
928 1975 946 2002 l'
955 1975 1070 2011 epistola
1087 1975 1132 2002 all'
1142 1975 1240 2002 ultimo
1259 1976 1353 2003 decen-

778 2017 824 2044 nio
843 2017 913 2044 della
931 2018 987 2044 vita
1005 2018 1048 2045 del
1068 2023 1167 2045 nostro.

813 2060 856 2096 (1)
877 2060 1077 2092 «Quiritatus»
1098 2061 1113 2087 e
1132 2060 1225 2096 pamla
1245 2066 1319 2087 usna
1339 2069 1354 2088 e

778 2103 813 2129 da
830 2102 944 2135 Fumo.
964 2103 1010 2139 Ep.
1030 2102 1077 2135 vl,
1097 2110 1138 2134 20,
1158 2110 1188 2136 1⁴
1203 2111 1217 2129 e
1233 2102 1266 2129 da
1280 2101 1353 2130 viu„

778 2144 855 2171 Max.
873 2153 918 2180 op.
943 2144 986 2171 cit.
1006 2144 1055 2178 lx,
1073 2152 1104 2177 11,
1125 2150 1177 2171 ext.
1200 2152 1227 2177 1;
1251 2152 1296 2171 ma
1318 2146 1353 2171 ne

778 2186 787 2212 i
806 2186 923 2222 migliori
942 2185 1029 2213 lessici
1047 2187 1082 2213 ne
1100 2186 1126 2213 le
1145 2186 1262 2213 editioni
1286 2186 1353 2214 criti-

777 2228 827 2255 che
854 2229 897 2255 del
929 2229 1093 2264 Metamorph.
1113 2228 1140 2255 di
1159 2228 1276 2264 Apuleio
1297 2229 1353 2265 giu-

777 2269 898 2297 stificano
925 2269 943 2296 1¹
954 2271 1105 2297 asserzione
1129 2270 1172 2296 del
1198 2270 1227 2297 S.
1251 2270 1302 2298 che
1325 2270 1353 2298 lo

777 2313 898 2338 scrittore
927 2311 1045 2339 africano
1071 2311 1089 2338 l'
1098 2311 1177 2338 abbia
1198 2311 1352 2347 adoperata.

778 2353 877 2380 Sicche
896 2354 921 2380 v'
931 2354 946 2380 e
965 2354 1037 2381 forse
1056 2354 1100 2390 qui
1120 2362 1158 2380 un
1172 2361 1246 2381 error
1257 2354 1285 2381 di
1298 2362 1352 2381 me-

778 2395 865 2422 moria
884 2395 919 2422 da
931 2401 1005 2431 parte
1020 2395 1047 2422 di
1066 2395 1210 2423 Coluccio.

1405 343 1423 364 E
1431 343 1514 364 chinon
1522 343 1540 364 ι’
1545 344 1597 364 indi-

1384 370 1488 398 gnerebbe
1505 371 1597 391 vedendo

1384 397 1509 418 teut'uomo
1538 397 1597 424 quale

1383 423 1425 451 egli
1448 424 1468 448 ὁ,
1493 425 1549 444 uscir
1576 424 1597 444 in

1383 451 1597 498 3352÷¹²222252⁸¹=ss

1383 503 1455 531 poesie
1462 503 1472 523 Ρ

1410 744 1436 765 Se
1463 749 1542 772 quanto
1569 746 1596 765 de

1391 771 1410 791 ei
1437 771 1466 798 gn
1487 772 1593 799 prodens,

1382 797 1411 825 gli
1421 797 1478 818 fone
1487 798 1550 821 zolro.
1558 798 1596 819 che

1396 831 1434 844 on
1456 831 1468 845 a
1493 824 1596 846 Gionnni

1383 851 1520 872 rimari-ebbe?

1411 1038 1432 1059 S'
1441 1039 1460 1059 ei
1469 1039 1536 1059 sen-ive
1546 1039 1597 1059 buo-

1384 1065 1404 1085 ni
1418 1066 1483 1091 verul,

160 1092 222 1126 fers
245 1102 390 1134 accentu,
413 1094 538 1138 poetica
561 1093 686 1127 docuit:
710 1093 862 1137 quicquid
885 1104 979 1137 prosa
1002 1104 1096 1137 super
1119 1093 1197 1126 alios
1221 1094 1356 1134 emines,
1384 1106 1598 1148 gwffiu'ssmffl‘m‘

1383 1214 1406 1228 oe
1427 1208 1465 1228 nn
1486 1208 1596 1244 nll'uffifio

1383 1234 1596 1294 ῗήέἶψῘῖἳῖᾹΣΞ

1383 1288 1401 1308 ai
1421 1288 1472 1309 deve
1494 1295 1505 1308 a
1526 1289 1595 1316 quegh

1383 1314 1596 1362 ,κν

159 1381 288 1424 gnitatis
306 1389 390 1415 statu
409 1380 642 1426 splendescere,
659 1393 700 1416 an
720 1381 875 1426 dignitate
894 1381 1102 1426 dignissimus
1122 1382 1276 1427 dignitate
1299 1394 1354 1416 ca—
1382 1367 1541 1442 Ξήωωῖοᾚέκ
1550 1374 1595 1416 5:22

1503 1435 1510 1446 1
