1682 2762
101 357 123 371 se
138 350 192 371 nelle
210 356 260 371 cose
278 349 315 370 che

102 378 225 410 rigunrdano
242 377 271 404 gli
286 377 315 397 al-

103 410 138 429 tri,
161 405 179 424 le
201 410 273 424 nostre
295 411 315 424 ι-

101 432 212 459 spirationi
261 437 315 451 sono

102 465 164 479 meno
191 459 315 485 imperiose,

101 492 141 506 ove
155 485 209 506 delle
224 485 315 505 nostre&

118 513 213 533 uenione
241 512 315 532 nvvien

121 544 219 586 offitogitg.
231 565 269 586 che
291 565 315 585 d-

102 593 179 620 guardn
197 592 226 620 gli
247 592 315 616 unici.

103 621 118 640 ri
149 620 197 640 ard.
213 620 256 639 noi.

150 653 178 667 on
193 647 210 666 si
229 646 316 666 meravi-

102 674 130 701 gli
143 674 212 700 quindi
223 680 245 693 se
255 678 316 692 torna

103 708 114 721 ι
138 700 285 721 rnecomandar
302 699 315 719 li

103 727 122 748 le
136 727 233 748 succende
243 727 262 746 di
293 733 316 746 ο-

103 755 174 775 lomeo
195 754 228 774 de'
240 753 316 773 'ravi--

103 782 124 802 ni
139 781 164 802 ed
179 781 194 801 il
208 786 316 812 promesso

104 809 174 828 codice
198 808 219 828 di
242 807 316 828 Nonio

104 834 213 856 Marcello.

167 1387 259 1412 Pirene,

122 1421 145 1436 ²1
161 1414 228 1442 luglio
245 1420 304 1440 ¹⁴03·

134 1455 202 1475 Vuole
218 1454 321 1480 Domeni·

109 1489 134 1503 co
148 1482 174 1502 da
181 1482 210 1502 lui
219 1488 260 1502 un·
271 1488 320 1502 cosa

108 1509 169 1530 fneile
183 1509 205 1529 in
223 1515 321 1536 apparen-

108 1543 139 1561 τι,
157 1542 191 1556 ma
212 1535 234 1556 in
256 1535 321 1556 reniti

108 1563 170 1584 ardu·
185 1563 239 1583 assai

343 212 406 244 622
771 217 1115 245 EPISTOLARIO

343 343 399 378 sed
423 342 574 388 quicquid
594 342 687 376 nobis
708 342 872 382 volumus,
897 342 1049 376 volumus
1073 353 1201 386 semper
1223 341 1330 375 nimis.
1377 341 1409 374 in
1433 340 1544 374 alienis

343 402 437 436 rebus
467 401 686 435 moderantius
710 412 837 445 semper
861 409 1022 445 optamus,
1046 400 1080 433 in
1111 399 1172 433 illis
1196 398 1296 433 finem
1321 399 1471 432 voluntas
1494 398 1544 431 in-

344 461 432 495 venit
439 473 448 502 ;
473 461 507 494 in
527 461 643 494 nostris
661 468 769 493 autem
786 461 855 493 sine
874 459 939 493 fine
955 459 1106 493 voluntas
1122 466 1179 492 est.

343 521 522 554 amicorum
547 519 684 563 negocia
708 528 817 552 nostra
836 518 912 558 sint,
937 517 1018 552 forte
1042 517 1140 551 nimis
1156 525 1203 550 est
1222 516 1334 550 iterare
1357 515 1545 560 rogamina3

344 578 443 612 michi
467 589 544 611 vero
576 589 651 611 cum
675 576 819 611 debitum
845 584 974 621 propter
1001 575 1143 609 amicum
1173 583 1243 608 tum
1271 585 1385 618 pamm
1415 582 1545 618 propter

344 635 494 669 affectum
523 647 592 669 esse
625 634 759 680 quidem
783 634 922 668 videtur.
974 646 1012 668 ea
1041 642 1171 678 propter
1194 633 1220 666 si
1249 642 1280 666 te
1305 632 1420 666 iterum
1442 642 1545 676 gravo

343 703 473 738 propter
497 694 700 727 Tolorneum
724 693 765 726 de
785 692 952 733 Tavianis‚
969 691 1114 733 obsecro,
1133 703 1201 725 non
1221 691 1353 724 mireris.
1400 690 1426 724 si
1449 699 1482 724 te
1505 688 1546 723 de

343 753 488 786 Nonio
510 751 714 786 Marcello
733 750 881 791 sollicito,
895 761 963 784 non
975 749 1119 784 turberis.
1158 749 1214 783 sed
1226 758 1409 793 utrumque,
1423 758 1545 792 precor,

344 810 506 855 expedias.
553 810 631 844 illud
655 810 743 843 enim
763 819 862 854 opto;
886 809 973 843 hunc
994 818 1102 842 autem
1119 807 1257 842 habendi
1281 806 1440 841 desiderio
1475 805 1547 851 plus

344 873 442 915 quam
466 869 573 903 ardeo.
620 870 652 902 in
669 878 806 913 utroque
827 867 923 902 velim
945 879 1089 910 amorem
1110 878 1185 911 erga
1205 878 1258 900 me
1274 864 1426 900 ostendas
1441 874 1544 899 tuum.

344 928 425 962 vale.
473 928 644 969 Florentie,
668 928 783 972 quinto
802 937 906 961 nonas
931 926 1046 967 martii,
1071 937 1169 959 manu
1193 925 1331 970 propria.

411 987 504 1021 Tuus
525 986 679 1021 Colucius
700 985 906 1020 cancellarius
925 984 1128 1019 florentinus.

1227 469 1314 492 nunc
1333 466 1452 498 antem,
1469 468 1545 490 cum

901 1111 995 1145 VIII.

614 1185 643 1217 A
667 1184 854 1218 Domssmco
879 1183 1023 1216 Banmm
1046 1181 1079 1215 θ’
1088 1182 1220 1216 Annzzo
1233 1181 1280 1214 (¹).

851 1253 906 1289 [P¹‚
925 1262 949 1281 c·
970 1253 1050 1288 551³]

666 1340 821 1384 Magistro
841 1338 1020 1373 Dominico
1039 1337 1079 1372 de
1098 1338 1224 1372 Arecio.

418 1434 491 1457 ET1s
520 1434 538 1456 a
571 1434 634 1464 me,
659 1423 707 1456 vir
741 1422 941 1467 peritissime,
964 1420 1059 1455 frater
1085 1430 1118 1454 et
1143 1421 1244 1454 amice
1280 1420 1456 1462 karissime,
1479 1430 1548 1454 rem

352 1432 414 1516 Ρ
430 1483 533 1527 prima
561 1481 668 1515 fronte
698 1480 834 1521 facilem,
863 1480 931 1522 sed,
955 1491 1030 1514 cum
1053 1479 1093 1513 ad
1116 1479 1409 1513 considerationem
1432 1490 1544 1524 perve-

349 1541 443 1583 neris,
460 1541 569 1575 multis
589 1540 729 1574 tenebris
745 1539 924 1573 involutam
944 1538 1171 1584 difficilemque
1189 1547 1316 1584 repertu
1332 1549 1438 1584 queve
1453 1537 1550 1572 nullis

403 1639 424 1663 6.
438 1640 503 1668 Dopo
517 1645 588 1667 gravo
603 1638 619 1661 1·
627 1638 762 1667 autografo
776 1637 808 1660 dd
822 1637 850 1660 di
862 1642 938 1660 nuovo
952 1640 975 1659 te
988 1637 1127 1660 cancellato.

351 1724 460 1750 intorno
472 1731 487 1749 a
499 1727 600 1750 cotesto
608 1721 740 1757 viglietto,
753 1720 798 1748 nel
813 1719 892 1756 quale
908 1719 928 1746 il

351 1766 379 1794 S.
394 1767 479 1802 ripete
490 1774 543 1792 con
553 1765 680 1800 maggior
691 1763 780 1792 calore
794 1763 819 1790 le
834 1771 930 1790 racco-

351 1808 522 1836 mandazioni
541 1808 586 1843 gia
601 1807 666 1834 fatte
684 1806 710 1833 al
723 1805 857 1833 Manfredi
871 1804 930 1832 nel·

350 1850 368 1877 l’
375 1849 491 1886 epistola
510 1849 553 1876 del
567 1848 600 1876 26
612 1848 740 1884 genunio,
755 1847 798 1874 ch’
806 1855 838 1874 or
847 1855 895 1874 ora
907 1846 929 1873 si

351 1891 440 1919 elena
460 1891 499 1926 (p.
510 1890 585 1926 617),
598 1899 627 1918 se
637 1898 691 1917 non
705 1890 756 1917 che
769 1898 830 1916 esso
841 1897 929 1916 venne

351 1939 443 1961 recato
453 1942 468 1960 a
482 1933 572 1960 Lucca
586 1933 619 1960 da
630 1931 694 1968 quel
707 1932 822 1960 cori-iere
834 1938 929 1964 stesso,

350 1976 370 2004 il
383 1976 463 2012 quale
476 1977 591 2011 apporto
605 1975 631 2002 al
647 1974 760 2009 Guinigi
779 1973 805 2000 la
818 1973 929 2000 missiva

350 2018 467 2046 ufficiale
477 2017 549 2045 della
561 2017 696 2053 Signoria,
704 2017 737 2044 da
750 2016 797 2043 noi
810 2024 899 2043 messa
914 2024 929 2042 a

351 2067 457 2096 stampa
476 2059 548 2087 nelle
564 2066 629 2087 note
645 2059 688 2086 all'
695 2067 736 2095 ep.
750 2066 779 2091 v,
795 2058 823 2085 in
838 2057 930 2085 favore

352 2104 379 2131 di
393 2103 533 2130 Tolomeo
546 2102 721 2129 de'Taviani.
758 2102 811 2129 Per
823 2101 865 2128 cio
879 2100 931 2128 che

352 2146 391 2173 sia
410 2146 457 2182 poi
476 2145 632 2181 l’eleganza
648 2153 663 2172 e
678 2144 874 2171 l'accuratezza
887 2143 930 2170 dei

352 2189 485 2221 caratteri,
495 2188 522 2215 la
527 2188 686 2224 scrupolosa
693 2196 854 2215 osservanza
860 2186 930 2214 delle

352 2232 443 2268 regole
451 2231 632 2268 ortografiche
640 2231 673 2258 ed
684 2231 851 2266 ortoepiche‚
861 2238 931 2257 non-

353 2275 404 2302 che
421 2275 447 2301 di
464 2280 532 2301 tutte
548 2274 574 2301 le
587 2282 693 2307 norme,
709 2273 760 2300 che
773 2280 930 2309 potremmo

352 2317 409 2344 dire
417 2317 620 2352 diplomatiche‚
631 2322 726 2352 questo
739 2326 753 2341 α
761 2316 841 2343 breve
848 2326 862 2341 n
874 2324 931 2352 rap-

353 2366 477 2395 presenta
483 2361 539 2386 cosi
546 2359 776 2395 compiutamente
782 2358 872 2395 quello
879 2358 931 2386 che

354 2410 466 2438 passava
484 2401 571 2429 allora
583 2410 632 2437 per
646 2401 664 2428 il
679 2402 736 2437 tipo
751 2402 796 2437 pin
816 2400 930 2438 perfetto

972 1719 1043 1747 della
1061 1719 1172 1747 missiva
1192 1719 1400 1754 cancelleresca,
1419 1718 1470 1747 che
1491 1719 1516 1747 ci
1534 1719 1550 1747 ὲ

973 1762 1109 1790 sembi-ato
1135 1768 1290 1798 opportuno
1313 1761 1422 1790 offrime
1446 1762 1494 1799 qui
1512 1770 1550 1790 un

973 1804 1107 1832 facsimile
1126 1805 1193 1840 (tav.
1212 1805 1255 1839 ιι).

1009 1847 1052 1882 (ι)
1077 1846 1128 1874 Era
1147 1846 1229 1874 solito
1254 1853 1374 1874 maestro
1394 1847 1550 1874 Domenico

973 1889 1038 1924 ogni
1051 1888 1190 1924 qualvolta
1200 1888 1238 1924 gli
1249 1889 1270 1915 si
1285 1887 1443 1916 affacciasse
1453 1889 1551 1916 alcuna

974 1930 1100 1958 difficolta
1128 1930 1192 1957 nell’
1200 1931 1322 1958 immane
1345 1930 1440 1958 lavoro
1463 1939 1480 1957 a
1507 1931 1552 1958 cui

974 1975 1048 2002 s'era
1066 1973 1199 2005 dedicato.
1219 1973 1244 2000 la
1269 1973 1468 2010 compilatione
1492 1974 1551 2002 cioe

974 2018 1017 2045 del
1036 2019 1102 2045 Fons
1120 2017 1322 2045 memorabilium
1337 2018 1458 2051 universi,
1471 2018 1551 2044 ricor-

973 2069 1032 2088 rere
1042 2069 1058 2087 a
1069 2060 1199 2087 Coluccio
1213 2068 1260 2096 per
1272 2059 1408 2095 consigno
1421 2059 1455 2087 ed
1468 2059 1551 2087 aium.

975 2102 1148 2130 Trovandosi
1165 2107 1289 2138 pemmo
1306 2102 1334 2128 in
1353 2108 1449 2138 questo
1470 2108 1552 2130 torno

974 2146 1002 2173 di
1019 2151 1114 2181 tempo
1133 2145 1206 2172 nella
1224 2145 1358 2172 necessita
1382 2144 1552 2172 d’inustrare

974 2188 1000 2216 le
1018 2188 1117 2224 origini
1136 2188 1162 2215 di
1188 2187 1261 2215 Citra
1284 2187 1311 2214 di
1331 2186 1467 2220 Castello;
1490 2195 1552 2223 pno-

974 2231 1066 2259 blema
1085 2239 1170 2258 ancor
1188 2230 1254 2267 oggi
1265 2239 1320 2257 non
1333 2238 1405 2266 poco
1418 2238 1524 2264 oscum,
1536 2238 1552 2258 e

974 2273 1066 2309 quindi
1077 2281 1092 2299 a
1102 2273 1147 2308 pih
1159 2271 1228 2300 forte
1238 2273 1352 2307 ragione
1362 2280 1378 2299 a
1390 2272 1452 2308 que·
1459 2271 1551 2307 giomi

975 2315 1165 2348 oscurissimo;
1178 2314 1203 2342 ei
1222 2315 1330 2351 giudice
1346 2319 1500 2351 opportuno
1514 2315 1554 2342 in-

974 2364 1112 2393 terrogare
1121 2358 1149 2385 in
1161 2357 1301 2393 proposito
1314 2356 1331 2383 1·
1339 2357 1438 2390 amico,
1449 2356 1500 2384 che
1513 2355 1552 2392 gli

975 2402 1079 2437 rispose
1094 2400 1161 2428 colla
1175 2406 1308 2437 presente,
1322 2400 1350 2428 la
1363 2399 1442 2436 quale
1454 2400 1552 2428 merita

1579 871 1618 895 10

1581 1249 1617 1282 ¹5
