1682 2762
67 884 106 908 10

67 1175 106 1208 15

398 228 446 255 DI
477 227 740 256 COLuccm
773 227 1046 256 SALUTATI.
1264 228 1324 262 157

130 356 284 399 importet
305 362 337 387 et
359 352 506 393 sonet(¹),
526 352 641 386 debere
655 353 762 396 potius
778 352 909 386 alteram
925 351 1077 386 exhiberi.
1123 362 1236 385 verum
1254 353 1328 395 quia

131 424 226 458 grece
249 421 325 446 sunt
343 411 499 445 dictiones
513 411 572 444 iste
592 420 623 444 et
637 411 685 455 ph
705 422 762 455 pro
786 410 803 443 f
821 410 957 444 scribere
980 411 1124 455 priorum
1148 410 1327 444 Grecorum

131 471 241 512 fuerit3
252 481 329 504 nam
340 479 452 514 postea
463 480 519 513 per
534 481 555 513 p
563 469 585 502 h
595 469 606 502 i
618 469 835 513 scriptitarunt
845 469 994 510 litteram,
1005 470 1136 513 antiqua
1149 469 1328 503 Grecorum

132 527 366 563 consuetudine
390 535 552 567 manente,
574 527 697 566 Latini3
722 536 753 560 et
785 538 859 560 cum
887 526 972 571 apud
1003 526 1074 560 illos
1098 538 1154 570 per
1181 526 1240 567 mi,
1261 537 1328 559 non

131 599 188 632 per
206 587 249 620 ni
263 587 332 620 sine
347 585 547 619 dubitatione
563 584 727 625 scribatur,
743 585 838 619 debet
859 584 1088 618 rationabiliter
1100 595 1156 629 per
1171 595 1205 617 m
1224 584 1328 618 scribi.

132 645 255 679 accedit
267 643 306 678 ad
325 643 385 677 hec
403 643 491 688 quod
510 643 537 677 si
552 654 672 677 sonum
691 644 816 677 aurium
836 654 911 677 cum
927 643 1093 687 diligentia
1109 642 1329 684 consulamus,
1367 651 1372 656 ·

132 703 204 748 plus
227 702 423 751 sonoritatis?
435 710 468 735 et
494 701 652 735 facilitatis
683 713 719 735 ac
743 702 839 735 etiarn
865 701 1028 735 brevitatis
1051 701 1204 745 reperitur
1227 701 1260 734 in
1284 713 1329 734 m.

133 773 210 796 nam
230 772 305 795 cum
328 759 526 805 proferentes
550 771 584 793 m
602 771 773 804 parumper
795 758 876 792 labia
896 759 1166 803 constringamus,
1186 758 1275 803 quod
1298 769 1331 793 et

131 821 166 854 in
189 819 206 853 f
224 819 322 853 etiam
340 827 454 852 natura
477 818 648 862 contingit,
670 816 792 851 facilior
811 825 843 850 et
857 817 1008 850 sonorior
1026 828 1064 850 ac
1086 817 1183 850 etiam
1203 817 1331 851 brevior

133 878 284 913 transitus
300 877 366 911 exit
383 876 423 910 de
446 888 481 910 m
500 876 533 910 in
554 875 571 909 f
585 887 684 920 quam
701 876 727 909 si
752 875 920 920 protuleris
944 887 976 916 n,
1003 876 1094 909 cuius
1120 886 1220 909 sonus
1247 877 1331 910 intra

133 937 247 971 dentes
267 935 382 980 apertis
405 934 507 974 labiis,
523 944 675 978 percusso
698 933 809 977 lingua
826 933 944 977 palato,
969 933 1142 978 perficitur,
1167 942 1199 967 et
1217 934 1331 967 imme-

134 994 219 1029 diate
242 993 376 1028 transire
399 992 479 1026 velis
503 991 543 1025 ad
566 991 726 1025 labiorum
748 992 1002 1035 percussionem.
1056 991 1279 1036 quamobrem,
1304 992 1331 1025 si

132 1060 219 1086 recte
249 1049 382 1090 iudices,
400 1048 579 1093 expeditius
603 1058 634 1082 et
656 1048 786 1082 suavius
813 1057 908 1082 sonat
941 1048 1202 1092 Amphrysos
1232 1060 1330 1093 quam

132 1109 350 1153 infringo,
367 1108 394 1142 si
417 1107 534 1141 litteras
557 1107 696 1150 integras
721 1106 966 1151 pronunciabis;
990 1118 1067 1140 nam
1086 1116 1119 1141 et
1134 1120 1166 1148 n,
1187 1107 1207 1140 b
1235 1108 1287 1141 vel
1310 1120 1330 1152 p

133 1169 168 1203 in
191 1166 399 1212 percussione
422 1165 581 1199 labiorum
612 1165 836 1206 enunciantur,
863 1174 937 1198 ante
960 1176 1039 1210 quas
1065 1176 1133 1199 non
1157 1177 1192 1206 n,
1216 1165 1273 1199 sed
1296 1177 1331 1199 m

133 1225 228 1261 scribi
242 1224 359 1259 debere
370 1223 624 1258 famosissimum
636 1231 685 1256 est
696 1233 728 1257 et
742 1235 759 1257 a
771 1233 856 1257 recte
869 1222 1079 1258 scribentibus
1091 1224 1330 1268 usurpatum(²).

133 1295 194 1318 nec
208 1282 309 1317 futilis
325 1291 375 1316 est
392 1282 474 1316 ratio
490 1281 594 1322 faciei,
616 1292 715 1325 quam
734 1280 906 1326 prudenter
925 1281 965 1315 ad
989 1281 1072 1315 hanc
1091 1291 1214 1326 partem
1231 1281 1331 1316 addu-

134 1343 190 1377 cis.
236 1353 315 1376 nam
336 1342 363 1374 si
386 1340 528 1374 lectus
550 1350 641 1374 sum
663 1338 798 1373 verbum
818 1349 867 1373 est
889 1340 1030 1384 preteriti
1054 1340 1209 1384 temporis
1232 1340 1331 1384 signi-

133 1400 234 1436 ficans
252 1399 450 1445 passionem,
464 1397 664 1432 considerata
679 1407 792 1432 natura
810 1397 899 1432 verbi
922 1406 1031 1442 posset
1053 1399 1222 1443 supposito
1239 1397 1331 1432 femi-

134 1459 204 1494 nini
218 1458 344 1504 generis
358 1457 509 1501 copulari,
522 1456 677 1501 quoniam
689 1455 824 1490 verbum
837 1455 1063 1490 discretionem
1076 1467 1171 1491 sexus
1183 1456 1331 1491 feminini

134 1516 188 1551 vel
214 1515 382 1550 masculini
414 1515 542 1559 generis
569 1525 636 1547 non
663 1514 821 1558 agnoscit.
879 1523 911 1548 et
937 1523 1047 1548 tamen
1078 1526 1146 1548 non
1177 1514 1330 1548 dicimus:

135 1575 266 1610 lectio
289 1574 423 1608 lectus
446 1572 546 1612 fuit,
576 1571 632 1606 sed
655 1572 779 1613 lecta,
802 1571 895 1607 faciei
920 1573 1104 1614 verborum,
1128 1585 1196 1607 non
1219 1582 1332 1607 nature

136 1633 274 1679 partium
289 1633 474 1672 servientes,
493 1641 529 1665 ut
543 1631 607 1675 pari
626 1630 749 1664 ratione
767 1631 808 1665 sit
826 1630 859 1664 in
874 1632 1039 1676 proposito
1059 1631 1331 1666 concludendum.

191 1778 214 1802 ³·
229 1770 285 1794 coa.
299 1757 342 1798 ἶ».
357 1769 390 1797 (ν)
483 1775 509 1796 4.
525 1767 580 1791 coa.
594 1767 670 1790 mini·

140 1818 176 1842 ¹3·
189 1811 246 1835 cod·
260 1810 389 1839 Amphrisi-
444 1815 481 1837 ¹4-
497 1808 552 1832 eod.
568 1815 590 1830 m

759 1774 795 1790 ιο.
809 1768 857 1791 Ne!
867 1768 918 1791 cod.
933 1768 979 1791 exit
993 1769 1007 1791 ὲ
1019 1769 1142 1798 aggtmto
1156 1769 1181 1791 Ιιι
1196 1770 1332 1792 inter-tinea.

647 1815 679 1837 ¹9-
695 1808 751 1831 eod.
765 1807 837 1837 ponit
903 1815 936 1831 υ.
952 1809 1008 1832 cod.
1022 1809 1080 1832 facie

138 1947 153 1964 α
165 1937 248 1964 beant
261 1935 394 1964 annotari.
437 1936 464 1962 in
492 1940 619 1962 cuncta
643 1934 711 1961 deri—

137 1989 153 2006 «
168 1979 243 2007 vatio
257 1984 340 2014 negat
354 1987 378 2012 c,
393 1977 571 2013 ethimologia
589 1985 654 2004 vero
671 1977 712 2003 vi-

138 2032 154 2048 «
166 2021 245 2050 denar
254 2029 400 2057 apponere.
436 2027 472 2048 ex
481 2020 541 2047 aliis
550 2020 711 2047 dictionibus

78 2068 84 2073 '
138 2074 154 2090 α
167 2063 378 2092 accentuationis
395 2064 464 2090 ratio
479 2071 508 2089 m
526 2063 651 2098 extirpat;
669 2062 711 2089 lit-

139 2117 154 2134 «
166 2106 257 2134 tenna
284 2112 374 2133 autem
401 2105 470 2132 visio
497 2110 603 2140 propter
632 2113 650 2141 p
683 2113 711 2131 m

138 2158 153 2174 ιι
167 2148 246 2176 nudet
270 2148 376 2183 signare
401 2153 428 2174 et
453 2147 535 2174 etiam
559 2146 712 2182 aliquorum

139 2200 155 2217 κ
166 2190 314 2218 valentium
324 2189 452 2225 scriptura
462 2189 530 2216 mihi
541 2188 713 2216 dubitationis

139 2241 154 2258 ι
169 2231 356 2267 crepusculum
373 2230 486 2258 aliarum
501 2230 612 2258 cumulo
624 2238 715 2258 corro-

141 2284 156 2300 ι
169 2274 242 2310 gavit
255 2284 270 2300 ιι
289 2273 338 2302 διε.

174 2316 218 2350 (ι)
228 2324 243 2340 ι
250 2314 281 2348 Ρ,
287 2315 311 2342 si
320 2315 459 2350 aspiretun
467 2322 566 2342 sonum
574 2313 594 2341 F
601 2313 713 2347 obtinet,

141 2366 155 2382 αι
169 2362 199 2383 ut
228 2357 402 2389 Phaeton,
429 2356 602 2388 Phineus,
626 2355 714 2383 Pho-

141 2409 156 2424 «
170 2407 232 2426 ceu
246 2408 276 2431 »;
303 2399 361 2426 cosi
389 2398 460 2426 l’Ars
486 2398 587 2426 lectoria
610 2398 655 2425 del
674 2407 713 2426 se·

756 1934 818 1961 colo
838 1941 866 1967 x,
882 1940 1041 1962 conservata
1059 1934 1104 1962 nel
1124 1935 1184 1963 cod.
1201 1936 1332 1971 parigino,

757 1982 836 2003 usato
861 1975 906 2003 dal
927 1975 1064 2010 Τηυιιοτ,
1084 1977 1143 2005 Nol.
1161 1981 1184 2005 et
1201 1982 1265 2005 exer.
1287 1978 1332 2006 cit.

757 2027 782 2053 p.
802 2018 844 2053 78.
881 2018 903 2045 E
923 2017 955 2045 cf.
972 2018 1043 2046 l'Ars
1058 2018 1101 2046 del
1116 2019 1177 2046 cod.
1195 2019 1275 2047 Laur.
1291 2019 1332 2047 Pl.

757 2059 867 2094 XLVII,
887 2068 930 2095 27,
949 2069 972 2087 c.
994 2068 1023 2095 13
1036 2069 1063 2087 Λ.

791 2103 835 2137 (2)
855 2113 870 2129 κ
883 2102 966 2130 Notet
993 2103 1108 2139 scriptor
1130 2103 1175 2130 vel
1202 2104 1259 2140 ipse
1287 2104 1333 2140 qui

758 2154 773 2170 ι
787 2145 932 2172 emendare
959 2145 1084 2172 codicem
1109 2145 1234 2179 voluerit,
1261 2146 1332 2182 quod

759 2187 857 2214 «inter
876 2195 903 2214 m
929 2193 957 2214 et
980 2196 998 2214 n
1023 2195 1177 2215 consonans
1194 2188 1270 2215 nulla
1293 2188 1331 2215 in·

759 2238 775 2254 κ
787 2234 959 2264 terponatur.
970 2249 977 2256 .
987 2250 994 2257 .
1005 2235 1082 2256 notet
1091 2230 1246 2266 quomodo;
1265 2238 1334 2266 quo-

760 2281 774 2296 «
787 2280 862 2298 mam
881 2280 909 2298 m
928 2280 978 2298 nisi
997 2278 1059 2298 ante
1077 2278 1132 2299 tres
1151 2278 1331 2300 consonantes

760 2324 775 2339 ιι
789 2321 815 2340 et
836 2319 897 2341 ante
921 2322 950 2341 se
974 2315 1061 2350 ipsam
1083 2323 1142 2342 esse
1160 2323 1217 2342 non
1237 2316 1331 2351 possit,

761 2367 775 2382 ιι
789 2357 812 2389 b,
828 2366 853 2392 p,
869 2365 886 2383 n
898 2366 926 2389 »3
946 2358 996 2384 Ars
1015 2357 1057 2384 cit.
1077 2357 1104 2384 in
1120 2358 1178 2385 cod.
1189 2358 1267 2386 Laur.
1284 2359 1328 2386 cit.

760 2408 782 2426 c.
799 2407 852 2432 4Α.

1354 358 1380 378 ed
1401 358 1478 378 adduce
1501 357 1520 377 le
1539 364 1570 377 η-

1354 385 1421 412 3ioni,
1429 385 1459 405 ιὶι
1473 383 1569 404 etimolo-

1355 412 1424 440 giche,

1356 1287 1569 1336 ῗῗιῗέἒὲἓέἐέἑὲἳῖ

1357 1342 1399 1363 ule
1413 1347 1516 1362 sennan.
