1696 2782
90 1227 128 1262 ¹5

86 1809 128 1843 25

89 2097 132 2131 30

437 284 485 312 DI
517 283 776 312 COLUCCIO
809 282 1079 311 SALUTATI.
1291 285 1352 318 115

156 408 295 453 pinxerit
305 407 358 442 vel
377 407 516 441 cuiusvis
535 407 662 441 artificis
681 407 845 449 membris,
861 419 928 441 non
947 407 1112 448 industrie,
1129 407 1155 441 si
1179 407 1255 452 quid
1271 407 1354 440 bene

157 465 265 500 fecerit
286 474 319 499 et
337 466 527 510 ignorantie,
551 466 577 499 si
596 465 721 500 defecit.
767 465 922 499 obediunt
945 477 1070 507 manuS,
1090 477 1166 499 cum
1185 465 1282 499 nichil
1305 465 1354 498 in-

156 524 314 568 telligant,
329 524 471 557 hominis
484 523 646 557 voluntati
665 532 697 557 et
714 535 775 557 nos
793 524 852 568 ipsi
872 524 944 557 Deo
962 534 1122 568 paremuS,
1143 535 1218 557 cum
1234 522 1354 568 aliquid

156 581 301 621 facimus,
325 581 398 616 licet
423 582 522 616 etiam
545 581 633 626 quod
657 582 747 616 Deus
766 581 800 615 id
823 581 901 615 velit
923 590 955 615 et
978 593 1035 626 per
1057 592 1118 616 nos
1141 580 1235 615 faciat
1256 581 1354 625 igno-

156 651 274 675 remus.
330 651 398 674 non
421 639 515 674 faciet
537 651 593 684 per
613 651 648 674 se
671 651 787 674 manus
810 648 918 674 nostra
941 639 992 674 vel
1016 640 1191 674 minimum
1213 648 1353 680 motum,

157 698 218 732 nisi
241 698 348 732 iubeat
369 697 543 732 voluntatis
565 698 756 742 imperium
785 709 847 731 nec
877 696 972 731 faciet
994 697 1096 730 homo
1126 698 1309 742 quicquam,
1329 697 1354 730 si

156 756 261 801 prima
282 766 376 790 causa
392 759 459 790 non
478 755 557 790 illud
576 755 684 790 fecerit
702 765 734 789 et
749 766 810 790 nos
829 764 866 790 ut
882 755 916 789 id
935 766 1069 799 agamus
1086 764 1267 800 opportune
1283 766 1355 789 mo-

157 814 248 848 verit.
292 813 382 859 quod
406 825 480 848 cum
503 814 624 848 facturn
647 812 751 854 fuerit,
774 813 872 858 longe
896 813 1005 847 minus
1027 813 1170 847 hominis
1197 824 1266 847 esse
1291 812 1355 846 dici

157 870 261 912 debet,
285 882 383 915 quam
406 882 488 915 opus
511 870 629 915 aliquid
648 882 717 904 esse
739 881 898 905 manuum
921 869 1058 912 artificis,
1083 882 1150 904 non
1173 870 1355 905 intellectus

156 928 298 963 hominis
324 929 503 974 operantis3
522 930 678 973 qnoniam
700 928 879 963 intellectus
902 938 1013 962 noster
1041 939 1110 962 non
1134 927 1209 962 fecit
1227 939 1356 970 manus,

155 986 230 1021 licet
252 998 308 1031 per
329 987 413 1032 ipsas
431 996 590 1032 operetur,
605 986 662 1021 sed
686 988 775 1021 Deus
798 998 914 1021 manus
933 996 967 1021 et
981 996 1088 1021 totum
1108 998 1224 1032 corpus
1241 986 1354 1020 ordine

156 1054 268 1079 nature
292 1045 476 1090 composuit
498 1055 531 1080 et
553 1045 750 1080 intellectum
775 1054 869 1090 atque
893 1045 1096 1079 voluntatem
1115 1045 1246 1086 addidit,
1259 1045 1355 1079 simul

156 1114 266 1137 creans
278 1112 310 1138 et
322 1102 495 1137 infundens
509 1103 662 1143 animam,
676 1114 751 1137 cum
762 1113 824 1137 nos
837 1102 921 1137 fecit.
967 1104 1049 1138 sicut
1060 1103 1158 1147 igitur
1171 1102 1354 1137 Heracleoti

156 1161 263 1202 Zeusi‚
278 1162 332 1206 qui
357 1173 456 1206 penes
475 1172 535 1195 vos
558 1161 756 1206 temporibus
779 1162 845 1196 suis
867 1170 933 1195 arte
955 1161 1110 1207 pingendi
1128 1161 1274 1195 floruisse
1293 1170 1355 1195 tra-

156 1218 250 1260 ditur,
273 1220 392 1264 quique
412 1218 537 1253 Helene
559 1219 767 1254 simulacrum
791 1219 825 1253 in
848 1219 1055 1254 Crotoniensi
1074 1219 1208 1253 Iunonis
1231 1219 1355 1264 templo

155 1277 260 1322 pinxit
269 1277 315 1315 (¹),
330 1277 376 1311 sic
391 1276 517 1311 attribui
541 1276 636 1311 debet
653 1276 706 1310 illa
724 1277 857 1322 pictura,
876 1276 964 1321 quod
984 1277 1162 1311 intellectus
1180 1277 1355 1322 peritieque

154 1334 310 1380 pingendi
331 1343 438 1369 totum
460 1333 539 1369 illud
556 1345 638 1379 opus
661 1335 730 1369 iure
749 1334 808 1369 dici
830 1334 943 1375 valeat,
963 1346 1030 1369 non
1051 1346 1219 1376 manuum,
1238 1335 1354 1380 quibus

156 1394 225 1438 ipse
243 1392 405 1438 depinxit3
423 1393 469 1426 sic
491 1393 602 1426 omnia
623 1404 687 1437 que
711 1393 802 1427 Deus
825 1404 882 1438 per
903 1405 965 1427 nos
990 1394 1080 1438 quasi
1105 1393 1253 1428 manibus
1277 1405 1354 1438 ope-

141 1460 252 1492 ratur,
273 1451 399 1496 proprie
422 1450 484 1484 dici
507 1450 627 1484 debent
640 1451 703 1484 Dei
723 1461 820 1495 opera
843 1460 875 1485 et
891 1462 958 1485 non
981 1460 1108 1492 nostra;
1132 1450 1193 1486 dici
1218 1460 1355 1496 possunt

155 1518 188 1544 et
210 1518 319 1544 nostra
341 1520 409 1543 non
427 1509 620 1554 proprietate
641 1518 764 1550 nature,
787 1508 845 1543 sed
867 1509 1110 1554 participatione
1133 1510 1252 1554 gratie3
1271 1510 1354 1544 sicut

155 1567 331 1602 intellectui
349 1567 526 1612 peritieque
543 1567 684 1612 pictoris,
699 1578 768 1602 non
790 1567 939 1602 manibus
958 1567 1026 1602 laus
1044 1567 1187 1610 debetur,
1206 1568 1251 1602 sic
1267 1568 1352 1610 Deo,

155 1636 224 1660 non
242 1624 336 1660 nobis
360 1624 602 1660 commendatio
621 1624 661 1659 de
680 1625 802 1659 cunctis
825 1636 888 1670 que
908 1625 1044 1660 facimus
1066 1625 1231 1660 tribuatur.
1278 1637 1352 1661 cum

156 1694 234 1728 ergo
253 1683 332 1718 dixit
350 1683 528 1717 Dominus:
552 1683 627 1728 quia
645 1682 748 1717 fecisti
769 1694 839 1717 rem
862 1683 965 1725 hanc;
979 1683 1056 1728 quid
1072 1683 1156 1718 aliud
1175 1683 1353 1729 intelligere

156 1751 328 1786 possumus
351 1741 405 1775 vel
427 1740 593 1781 debemus,
616 1741 694 1775 nisi:
718 1740 820 1775 fecisti
843 1752 908 1782 me,
931 1741 1050 1776 scilicet
1071 1741 1193 1776 nedum
1217 1741 1352 1777 faciente

157 1810 226 1833 rem
249 1798 344 1840 hanc,
366 1798 424 1834 sed
441 1798 596 1833 iubente?
640 1810 717 1832 nam
739 1798 828 1844 quod
853 1810 931 1833 mox
959 1798 1151 1834 declarando
1169 1799 1351 1845 subiungit:
1379 1812 1390 1826 ε
1407 1811 1461 1832 qm

157 1866 191 1892 et
212 1868 280 1891 non
303 1856 471 1902 pepercisti
489 1856 557 1891 filio
575 1865 632 1891 tuo
649 1857 818 1901 unigenito
840 1866 970 1902 propter
991 1869 1056 1898 me,
1075 1857 1203 1892 Abrahe
1220 1858 1351 1903 quidem

157 1915 301 1959 operatio
323 1913 393 1948 fuit.
440 1914 560 1948 etenim
583 1913 661 1949 illud
691 1914 780 1959 quod
807 1915 842 1949 in
872 1915 934 1949 Dei
961 1914 1110 1960 operibus
1127 1925 1275 1950 nostrum
1293 1925 1353 1955 est,

157 1982 225 2006 non
244 1971 340 2006 habet
355 1981 391 2006 ut
408 1971 449 2005 sit
467 1971 585 2016 aliquid
604 1973 753 2016 positive,
766 1971 824 2006 sed
839 1972 976 2007 omnino
995 1973 1094 2007 nichil
1113 1983 1172 2014 est,
1191 1973 1353 2018 nichilque

157 2031 258 2075 ponit,
271 2030 332 2064 nisi
350 2030 478 2074 penitus
491 2030 655 2075 privative.
702 2042 770 2064 non
785 2042 912 2075 parcere
928 2031 1070 2076 quidem.
1083 2031 1181 2065 nichil
1199 2040 1247 2065 est
1265 2030 1353 2076 quod

158 2089 192 2122 in
222 2087 383 2122 Abraham
407 2088 662 2130 commendatur,
685 2089 780 2123 sicuti
803 2101 878 2124 curn
908 2099 1077 2134 peccantes
1099 2090 1179 2135 legis
1208 2089 1353 2135 regulam

158 2157 226 2180 non
248 2157 423 2181 servamus.
469 2155 615 2181 nostrum
638 2156 686 2181 est
709 2147 806 2191 igitur
827 2148 853 2181 si
876 2147 910 2181 id
932 2147 1021 2192 quod
1044 2147 1199 2182 debemus
1217 2159 1285 2182 non
1308 2146 1354 2181 fa-

158 2204 272 2245 cimus,
296 2205 330 2238 in
361 2215 427 2249 quo
458 2204 655 2239 contrahitur
676 2204 764 2239 labec
786 2206 918 2250 peccati,
942 2205 994 2240 vel
1017 2206 1044 2239 si
1074 2217 1140 2240 non
1171 2205 1353 2240 omittimus

214 2314 262 2344 7-8.
278 2314 334 2339 cod.
343 2317 428 2338 mne
437 2318 462 2338 ut
471 2314 524 2338 edd
533 2315 632 2338 “invehit
689 2321 724 2345 ¹3·
735 2315 793 2339 cod.
802 2315 930 2338 Encleonti
986 2317 1022 2340 18.
1031 2315 1078 2345 nic]
1089 2316 1145 2339 eod.
1155 2316 1195 2339 ned
1248 2322 1285 2346 ²3·
1297 2315 1355 2342 ΟΜ.

160 2357 245 2377 onem
259 2360 313 2384 emo
379 2361 419 2383 ²⁴·
434 2354 492 2378 eod.
505 2354 624 2378 fidentem
647 2390 651 2394 .
691 2361 730 2385 ²5.
744 2355 800 2379 cod.
816 2356 930 2378 iubentem

196 2452 240 2486 (ι)
257 2451 303 2482 cf.
318 2452 381 2480 th.
399 2453 440 2480 De
458 2453 551 2480 invmt.
571 2452 606 2487 11,
626 2461 642 2480 ι.

1461 1810 1484 1826 ιο
1505 1805 1523 1825 d
1542 1804 1592 1831 pote

1379 1833 1422 1853 din
1449 1833 1475 1853 dn
1501 1831 1592 1852 Abram

1379 1865 1448 1880 nem
1462 1863 1556 1887 oper-to.
