1682 2762
109 607 126 639 ⁸¹¹

89 893 128 917 10

90 1181 128 1214 15

429 240 476 267 DI
507 239 764 267 COLUCCIO
797 238 1062 266 SALUTATI.
1275 239 1337 272 205

154 363 312 398 tutissima
323 362 578 402 reduxerunt<¹);
595 362 664 395 talis
682 361 742 395 dici
758 361 870 395 debeat
882 373 943 405 que
959 361 1083 395 caderet
1094 362 1126 394 in
1143 369 1342 394 constantem

153 432 217 465 ego
241 432 308 454 non
335 420 429 454 video
440 420 485 453 (²).
531 420 686 463 quoniam
707 420 753 452 illi
775 419 930 452 clamores
949 420 1036 453 viros
1050 418 1148 453 fortes
1162 418 1342 452 nullatenus

153 479 337 514 terruissent
355 486 387 511 et
404 478 524 511 intacto
543 477 688 510 conclavi
704 477 768 510 iam
787 477 889 510 fuerat
907 477 1021 511 electio
1045 476 1209 510 celebrata.
1255 476 1342 520 quod

154 537 249 570 etiam
263 547 303 569 ex
319 546 359 569 eo
377 535 482 579 palam
501 543 558 575 est,
572 535 726 578 quoniam
742 543 815 578 post
839 534 1047 578 irruptionem
1062 533 1343 578 effractionemque

154 594 329 639 predictam
351 593 421 627 talis
444 592 503 627 fuit
524 592 578 626 illa
593 592 742 633 turbatio,
756 591 843 636 quod
863 593 999 626 omnino
1015 592 1119 626 nullus
1136 592 1342 626 cardinalium

153 652 206 686 vel
226 652 416 685 servitorum
435 649 626 684 adstantium
646 661 736 683 cesus
755 649 862 691 fuerit;
877 649 932 683 sed
948 649 1205 684 incumbentibus
1221 650 1343 683 cunctis

153 710 270 755 spoliis,
290 721 358 743 non
380 709 536 754 personis,
548 708 814 753 querentibusque
827 719 894 742 non
911 708 1003 742 cedes
1019 718 1050 741 et
1070 709 1273 752 sanguinem,
1287 707 1345 742 sed

153 769 296 812 rapinam
309 777 351 801 *et
373 766 515 812 predam,
538 777 666 810 prorsus
685 778 800 800 omnes
817 766 995 800 incolumes
1013 776 1220 800 recesserunt.
1265 767 1347 799 inter

154 826 256 860 hecne
267 834 372 860 metus
387 837 456 858 esse
471 824 590 866 debuit,
604 824 692 868 quod
709 824 834 858 caderet
845 825 879 857 in
895 824 1123 857 constantem?
1161 833 1193 857 et
1207 835 1247 857 an
1263 823 1346 868 apud

155 883 294 917 Ecclesie
315 883 473 928 principes
500 882 571 916 talis
600 891 772 926 tantusque
800 891 905 915 metus
937 893 1005 915 esse
1034 891 1157 926 potest;
1179 882 1348 915 immineat

155 941 227 975 licet
238 941 362 985 gladius
377 940 506 985 iugulo3
518 941 573 984 qui
586 940 671 974 viros
688 948 871 975 constantes
891 949 1034 980 moveat,
1044 949 1079 973 ut
1090 949 1157 973 tam
1169 939 1347 984 periculoso

155 998 325 1032 mendacio
348 1008 380 1032 et
401 999 481 1032 tanti
499 998 652 1043 temporis
675 997 920 1043 perseverantia,
944 1007 1011 1031 tam
1035 998 1143 1031 multis
1163 1007 1195 1031 et
1218 997 1347 1031 eviden-

155 1056 240 1090 tibus
255 1055 376 1090 actibus
400 1055 600 1089 adorandum
623 1067 680 1100 pro
703 1066 835 1088 summo
858 1054 1010 1099 pontifice
1025 1055 1209 1099 Christique
1229 1056 1348 1089 vicario

155 1114 215 1148 toti
235 1113 359 1148 mundo
382 1113 520 1147 debeant
543 1112 692 1147 exhibere
715 1124 813 1157 quem
842 1113 993 1147 sciverint
1017 1114 1171 1147 canonice
1194 1124 1262 1147 non
1285 1113 1348 1147 ele-

157 1171 271 1206 ctum?
315 1171 432 1205 mortui
467 1180 542 1204 sunt
573 1170 670 1215 aliqui
699 1170 903 1214 prelatorum,
927 1170 1041 1204 mundi
1071 1171 1126 1215 qui
1155 1171 1349 1215 principibus

157 1241 224 1263 non
247 1230 375 1263 armatis
397 1227 618 1270 solummodo,
640 1227 696 1262 sed
720 1227 897 1262 furentibus
920 1229 1103 1262 restiterunt
1125 1239 1183 1272 pro
1205 1241 1263 1262 sue
1290 1229 1350 1262 Ec-

157 1287 250 1322 clesie
272 1286 414 1320 libertate
439 1286 594 1331 bonisque
617 1286 844 1331 temporalibus
868 1286 1087 1320 defendendis.
1134 1296 1167 1320 et
1190 1298 1248 1321 vos
1269 1288 1301 1321 in
1316 1299 1350 1321 re

158 1345 237 1379 tanti
261 1344 389 1390 periculi
412 1356 516 1389 queve
538 1343 639 1378 fuerat
662 1355 729 1378 non
753 1344 941 1388 temporalia
963 1345 1080 1386 solum,
1097 1344 1153 1378 sed
1177 1345 1350 1389 spiritualia

158 1401 320 1436 turbatura
338 1411 405 1435 tam
423 1401 624 1436 effeminatos
643 1410 676 1435 et
693 1401 828 1446 pavidos
841 1401 1020 1446 prebuistis‚
1035 1402 1122 1446 quod
1139 1402 1260 1444 nullus;
1275 1414 1349 1437 cum

214 1541 232 1557 ι.
245 1534 277 1557 Re·
286 1535 416 1563 aggiunge
429 1535 663 1563 inopportunamnle
677 1535 711 1557 vis
723 1535 784 1563 dopo
798 1534 850 1557 talis
903 1543 927 1562 4.
943 1536 1029 1564 quom]
1043 1535 1075 1557 Rt'
1082 1535 1144 1564 quod

159 1573 219 1597 diets
258 1572 288 1596 1)
302 1574 364 1596 deva
378 1573 496 1597 cardinalis
509 1577 615 1597 correrio
629 1575 655 1596 in
669 1574 815 1597 cardinalium
882 1574 903 1597 6.
919 1575 973 1598 M·D
987 1574 1030 1598 fuit

159 1613 231 1636 lumen
298 1619 319 1642 9.
334 1613 387 1636 Μ-Ι)
401 1613 440 1642 qni
516 1619 547 1636 ιι.
563 1613 600 1644 ut]
616 1615 646 1636 Ri
658 1618 680 1636 et
757 1620 790 1638 ia.
806 1615 859 1637 lit-D
872 1617 957 1637 omem·
970 1619 991 1637 et
1005 1616 1066 1644 dopo
1081 1615 1154 1638 mend.
1232 1622 1268 1645 ¹3-
1282 1615 1310 1638 L¹
1322 1616 1352 1638 Ra·

159 1652 273 1675 ador-ndo
358 1659 395 1679 14.
411 1651 440 1675 L¹
451 1653 506 1675 ΜΦ
518 1653 631 1676 sciverunt
673 1653 726 1675 Μ-Ι)
739 1656 824 1676 ornent
834 1654 878 1682 poi
891 1660 935 1676 non
1023 1660 1057 1682 ¹5.
1074 1654 1104 1676 R⁴
1119 1655 1179 1684 dopo
1192 1655 1296 1684 premor.
1310 1655 1341 1677 dd

160 1690 200 1720 qui
213 1691 356 1719 cancellatim
366 1698 404 1714 aa
412 1692 426 1714 e*
436 1693 570 1715 necessario
586 1693 716 1715 restituit-lo
728 1698 772 1721 per
786 1693 807 1715 i!
818 1699 894 1715 senso.
937 1693 956 1715 C
964 1693 996 1716 12⁴
1006 1693 1036 1716 Ri
1043 1694 1098 1715 MD
1111 1694 1218 1723 leggono
1229 1693 1351 1723 mundique

163 1739 198 1762 ¹7·
213 1733 334 1762 bonisque]
349 1733 380 1756 nt
391 1734 500 1763 nobisque
569 1733 602 1757 18.
619 1734 672 1756 u-l)
685 1741 730 1763 que
745 1741 797 1757 vere
812 1734 894 1756 fuerint
952 1741 984 1764 ¹9·
999 1735 1054 1757 Μ-Ι)
1067 1734 1134 1757 nullis
1165 1764 1170 1768 ἡ

1206 1542 1227 1564 5.
1240 1536 1294 1558 lit-D
1303 1542 1351 1564 pre-

1085 1576 1106 1599 8.
1120 1576 1175 1598 Μ-Ι)
1188 1578 1273 1598 omeue
1291 1575 1351 1598 inco-

197 1847 240 1884 (1)
268 1847 318 1875 De'
333 1848 460 1875 cardinali
485 1848 632 1875 sbandatisi
659 1848 732 1884 dopo

161 1890 212 1918 che
231 1890 258 1918 la
276 1890 354 1927 plebe
377 1899 423 1918 era
447 1897 583 1927 penetrata
607 1890 651 1918 nel
672 1898 733 1918 con-

163 1932 239 1960 clave
256 1933 295 1960 sei
312 1931 485 1968 rifugiaronsi
503 1933 531 1960 in
550 1933 643 1960 Castel
667 1933 734 1960 San-

161 1974 297 2010 t'Angelo
325 1983 340 2002 e
367 1976 424 2002 cioe
451 1975 540 2002 Pietro
567 1975 593 2002 di
618 1974 735 2010 Vergne,

162 2017 253 2043 Pietro
272 2017 298 2043 di
318 2017 458 2050 Sortenac,
478 2016 634 2053 Guglielmo
658 2017 735 2044 d'Ai—

163 2057 310 2094 greseuille,
318 2058 408 2086 Guido
418 2058 445 2085 di
460 2058 588 2091 Mdesec,
599 2058 733 2085 Giovanni

163 2101 190 2128 di
200 2101 302 2128 crosso
311 2101 344 2128 ed
356 2101 455 2136 Ugodi
473 2101 624 2128 Montelais.
663 2100 735 2128 Fuor

163 2143 190 2170 di
202 2143 292 2171 Roma
311 2143 450 2171 andarono
460 2145 554 2171 invece
566 2143 600 2171 G.
616 2143 734 2177 Noenet,

165 2185 235 2212 card.
247 2185 275 2212 di
294 2185 368 2212 Sant'
379 2186 498 2221 Angelo,
507 2186 527 2212 il
544 2185 625 2222 quale
643 2186 734 2221 riparo

163 2227 197 2255 ad
208 2228 306 2261 Ardea,
325 2228 419 2256 Orsini
437 2237 452 2255 e
467 2228 604 2260 Flandtin,
624 2228 695 2255 card.
708 2227 735 2254 di

164 2270 404 2302 Sant’Eustachio,
423 2270 474 2298 che
503 2270 526 2297 si
554 2270 680 2298 chiusero
707 2270 735 2296 in

164 2312 308 2345 vicovaro,
319 2319 423 2340 mentre
442 2313 562 2340 Roberto
574 2313 601 2340 di
617 2313 736 2340 Ginevra

165 2355 297 2389 portavasi
311 2363 326 2381 a
336 2354 483 2390 Zagarolo;
499 2354 532 2382 cs.
546 2355 570 2382 la
586 2355 678 2382 lettera
693 2356 737 2382 cit.

164 2396 330 2423 d’anonimo
341 2396 367 2423 al
386 2397 456 2424 card.
469 2397 626 2424 Morinense
645 2405 737 2433 presso

778 1849 1075 1884 Manena-Duum,
1084 1850 1138 1878 loc.
1149 1851 1194 1877 cit.
1204 1859 1219 1878 e
1232 1850 1351 1884 Varors,

777 1899 820 1928 op.
840 1892 884 1919 cit.
904 1901 930 1928 p.
948 1899 1009 1927 403.

813 1934 855 1969 (2)
873 1934 895 1961 11
915 1934 943 1962 S.
961 1943 1010 1970 par
1037 1935 1114 1970 quasi
1138 1935 1228 1970 voglia
1253 1935 1298 1970 qui
1317 1935 1351 1961 ri-

778 1977 909 2011 spondere
933 1985 948 2003 a
978 1983 1080 2012 quanto
1098 1985 1183 2004 aveva
1213 1977 1305 2004 scritto
1333 1976 1352 2004 il

777 2018 908 2053 patriarca
927 2018 954 2044 di
973 2018 1189 2053 Costantinopoli
1208 2017 1252 2044 nel
1265 2018 1351 2045 Sermo

777 2069 858 2095 sopra
877 2061 976 2087 citato:
996 2070 1011 2086 α
1026 2061 1143 2087 Fuerunt
1166 2061 1238 2087 enim
1262 2066 1352 2087 metus

779 2110 834 2130 «et
860 2103 1001 2138 impressio
1031 2109 1092 2130 ante
1123 2103 1286 2130 electionem
1305 2111 1352 2138 per

778 2153 793 2169 ι
807 2144 936 2172 officiales
966 2145 1046 2172 Urbis
1073 2151 1099 2171 et
1118 2145 1248 2180 populum
1279 2150 1306 2171 et
1323 2145 1351 2171 in

778 2197 793 2212 et
807 2187 867 2222 ipso
897 2186 1018 2214 conclavi
1037 2193 1064 2213 et
1082 2193 1144 2213 ante
1171 2186 1197 2212 in
1225 2187 1283 2222 ipsa
1301 2186 1354 2213 ele-

780 2240 794 2255 «
808 2229 933 2256 ctioneet
946 2235 1015 2264 post,
1029 2228 1194 2255 cadentia
1213 2229 1247 2255 in
1266 2237 1352 2256 con·

779 2281 793 2296 e
808 2277 959 2298 stantem
985 2271 1099 2297 virum
1126 2277 1153 2298 et
1186 2271 1351 2297 continentia

780 2324 794 2338 α
811 2313 903 2340 salutis
922 2313 1071 2349 periculum
1091 2319 1117 2339 et
1147 2313 1267 2348 corporis
1295 2321 1352 2339 cru-

780 2366 794 2380 «
809 2356 908 2382 ciatum
919 2365 948 2388 »;
964 2354 1251 2388 Manena-Dumium,
1270 2363 1313 2390 op.
1336 2363 1351 2381 e

782 2397 836 2424 vol.
856 2397 900 2423 cit.
921 2396 971 2424 col.
994 2396 1069 2431 1076.

1396 429 1436 450 Del
1449 433 1507 449 resto
1523 429 1536 449 il
1551 433 1584 449 tu·

1370 456 1436 476 multo
1451 456 1483 476 de'
1493 455 1582 476 Rom-ni

1370 489 1413 503 nou
1435 483 1457 503 fu
1480 482 1522 502 ule
1545 482 1582 502 che

1370 515 1453 537 potesse
1474 509 1582 536 imp-urire

1370 536 1449 556 nomini
1455 536 1582 563 cornggiosi5

1370 650 1416 671 solo
1430 651 1495 678 penso
1512 650 1527 670 il
1574 661 1582 666 -

1371 677 1420 705 polo
1443 684 1455 697 ι
1472 677 1504 697 far
1524 683 1547 697 ro
1563 683 1582 702 ι,

1371 710 1414 724 non
1435 704 1460 724 nd
1479 704 1583 730 insangui-

1372 731 1427 751 ami
1442 731 1460 751 le
1475 731 1541 755 mnni5

1373 824 1401 844 ne
1410 825 1431 844 in
1439 823 1525 851 principi
1531 823 1586 844 della

1374 849 1450 870 chia·
1483 851 1585 871 dombbe

1374 883 1422 897 ner
1435 881 1493 897 unt·
1501 877 1559 897 forn
1570 877 1586 897 n

1375 904 1449 924 timore
1468 904 1493 923 da
1511 903 1586 924 indurli

1375 936 1387 950 s
1407 930 1494 950 mentire
1513 931 1557 951 cosi
1574 937 1586 951 ι

1375 956 1438 984 lungo
1447 964 1454 982 ς

1376 1290 1442 1311 anche
1456 1291 1544 1318 quando.
1556 1297 1589 1311 es-

1376 1317 1441 1349 sendo
1449 1318 1489 1338 esd
1495 1318 1517 1338 in
1523 1317 1588 1345 luogo

1377 1350 1457 1369 sucuro,
