1708 2774
109 431 142 444 mn
151 422 238 444 s'nvide
246 420 278 441 del
285 427 318 451 pe·-

109 451 182 474 ricolo,
203 456 214 469 e
235 453 319 474 ruppe:

110 478 162 498 lncci
179 473 318 503 ingnuuevoli.

134 539 166 558 Ne
187 537 264 557 adduc·
284 540 319 562 per

109 571 191 586 scuni-e
212 570 233 584 se
253 567 318 583 stesso

111 590 218 618 l’esempio
237 589 269 609 del
283 588 319 608 Pe-

109 623 182 642 traca,

109 770 135 789 ιιὲ
150 766 224 788 effer-mi
234 766 270 786 che
282 771 316 797 per

109 801 174 816 mure
205 793 223 813 ε’
231 792 315 819 nequisti

109 822 163 842 snm·
180 825 254 843 eterna,
272 824 315 844 sep-

109 854 146 875 pur
172 853 212 866 non
240 845 316 865 chiama

109 874 174 902 glori·
188 871 295 893 vinfamia.

136 1219 166 1239 Or
194 1225 235 1238 non
259 1217 317 1238 creda

110 1245 184 1272 ch'egli
202 1244 271 1280 voglin
289 1244 318 1263 di„

109 1272 174 1292 storto
194 1271 232 1292 dau
244 1277 316 1290 amare.

110 1299 155 1318 Ami
164 1299 207 1318 unzi
217 1306 221 1318 ι
232 1305 265 1318 mn
279 1298 318 1317 ami

111 1325 151 1345 Dio
179 1331 241 1351 sopra
268 1325 318 1351 ogni

111 1358 170 1376 cosm

111 1627 151 1646 mi
174 1625 189 1646 il
218 1626 318 1652 prossimo

112 1653 145 1680 piu
158 1653 195 1673 che
208 1659 230 1672 se
241 1657 318 1677 ιιιεεος

114 1918 153 1938 :mi
180 1918 241 1938 unche
272 1917 320 1938 Giu-

113 1951 184 1969 vmm,
195 1951 236 1965 uon
248 1945 319 1971 perche

118 1971 177 1996 bella,

349 282 386 314 13
759 274 1098 307 EPISTOLARIO

345 334 1531 358 ff

345 424 399 457 per
422 412 569 444 virtutem
591 407 671 441 tertii
696 405 775 438 celi?
789 403 823 431 (¹)
868 401 934 442 sed,
950 401 1018 435 laus
1035 401 1120 441 Deo,
1134 399 1179 433 sic
1195 398 1363 432 michimet
1377 396 1535 441 displicui,

345 469 431 515 quod
454 469 600 512 laqueum
624 471 824 509 preparatum
846 460 915 505 rupi
934 468 966 493 et
982 459 1060 503 fugi.
1107 470 1178 498 nec,
1198 466 1234 491 ut
1248 468 1302 490 me
1325 455 1365 490 ad
1389 466 1535 489 amorem

346 527 477 561 horteris
504 533 556 558 aut
577 532 608 556 te
632 531 772 560 excuseS,
793 520 974 552 Petrarcam
1001 525 1147 551 nostrum
1163 527 1264 560 ponas
1284 515 1318 548 in
1337 513 1534 558 exemplum.

346 585 463 620 amavit
475 583 538 623 ille,
552 593 621 622 nec,
641 589 676 613 ut
691 578 856 617 arbitraris,
873 576 1021 615 honeste,
1038 575 1107 608 imo
1123 574 1162 607 ad
1175 573 1341 607 libidinem
1357 581 1389 606 et
1399 571 1535 612 furiose3

346 643 407 676 hoc
418 642 483 685 ipse
495 639 608 672 fatetur
618 637 650 670 in
663 635 817 681 principio
830 645 961 668 suorum
986 633 1082 676 Frag
1090 640 1325 670 mentorum,
1339 629 1391 663 ubi
1405 640 1439 663 se
1451 628 1536 674 apud

343 707 484 732 amantes
507 696 636 729 veniam
659 701 855 737 reperturum
879 702 947 725 esse
972 689 1106 724 confidit
1129 701 1168 723 ex
1190 687 1384 723 iuvenilibus
1402 688 1468 721 suis
1487 698 1535 721 er-

342 755 462 790 roribus
475 754 519 786 (²).
570 764 627 785 nec
639 762 781 795 unquam
794 749 928 783 memini
945 759 997 782 me
1012 748 1127 792 legisse
1141 757 1326 791 quenquam
1337 746 1379 779 ob
1389 756 1536 779 amorem

343 825 463 847 nomen
483 821 627 845 eternum
646 809 742 843 fuisse
762 816 982 847 consecutum,
1002 806 1062 839 nisi
1080 817 1203 838 nomen
1216 814 1375 845 eternum,
1392 812 1536 838 eternam

344 871 478 915 appelles
492 869 667 908 infamiam,
687 867 814 911 qualem
834 865 943 899 scribis
957 866 1022 899 suis
1042 863 1204 897 amoribus
1221 863 1419 896 contraxisse
1439 862 1536 896 Masi-

343 929 471 962 nissam.
518 927 566 960 his
589 927 694 970 itaque
719 923 882 964 confectis,
913 923 989 956 volo
1013 931 1120 956 tecum
1144 920 1231 966 quod
1254 920 1446 965 precedente
1469 920 1535 964 epi-

343 987 424 1021 stola
452 996 580 1019 exorsus
604 996 686 1025 sum,
712 981 936 1016 concludendo
968 992 1149 1022 resumere;
1177 989 1284 1024 teque,
1310 980 1393 1013 sicut
1421 990 1535 1012 verum

344 1045 482 1078 amicum
503 1043 601 1084 decet,
621 1051 790 1086 postquam
810 1050 876 1074 tota
895 1040 991 1073 nimis
1008 1051 1090 1072 erras
1103 1039 1166 1078 via,
1183 1039 1215 1071 in
1227 1047 1352 1072 rectum
1367 1038 1428 1071 iter
1442 1037 1536 1071 redu-

345 1114 428 1143 cere;
451 1102 502 1135 vel
524 1102 550 1134 si
571 1101 603 1134 id
627 1100 707 1133 forte
727 1100 834 1132 minus
856 1097 1072 1143 potuero‚tibi
1095 1097 1135 1130 ad
1159 1097 1423 1142 aggravationem
1444 1095 1536 1140 culpe

345 1162 429 1194 viam
450 1160 616 1193 honestam
640 1158 761 1192 ratione
781 1158 952 1191 clarissima
971 1156 1200 1190 demonstrare.

411 1219 563 1262 Expectas
587 1217 668 1251 forte
691 1215 778 1260 quod
801 1225 832 1249 te
857 1224 963 1248 vetem
989 1226 1106 1248 amare.
1154 1213 1217 1247 hoc
1241 1225 1304 1258 ego
1324 1225 1392 1247 non
1411 1212 1537 1255 faciam,

345 1277 411 1310 imo
434 1275 538 1317 iubeo,
553 1286 634 1319 rogo
648 1274 831 1319 suadeoque
846 1273 934 1318 quod
951 1285 1055 1307 ames:
1077 1284 1166 1306 ames
1181 1272 1312 1318 quidem
1326 1272 1445 1313 Deum,
1455 1272 1539 1306 sicut

345 1330 531 1364 mandatum
550 1339 606 1370 est,
626 1341 666 1363 ex
688 1338 756 1363 tota
780 1329 886 1362 anima
909 1338 964 1362 tua
983 1338 1014 1362 et
1038 1340 1078 1361 ex
1096 1335 1167 1361 toto
1183 1326 1279 1361 corde
1294 1336 1352 1361 tuo
1367 1335 1450 1360 etex
1461 1327 1538 1360 totis

345 1389 462 1423 viribus
477 1389 548 1428 tuis,
565 1398 596 1421 et
609 1388 793 1432 proximum
817 1396 909 1420 tuum
924 1387 1005 1420 sicut
1028 1396 1059 1420 te
1082 1386 1189 1431 ipsum
1197 1386 1242 1419 (³).
1288 1394 1366 1420 tunc
1381 1394 1491 1419 autem
1506 1393 1538 1419 te

347 1447 474 1487 amabis,
495 1458 568 1480 cum
591 1458 704 1479 omnes
728 1445 938 1490 cogitationes
962 1454 994 1479 et
1013 1454 1100 1478 actus
1116 1454 1190 1479 tuos
1210 1445 1243 1478 in
1259 1445 1369 1478 Deum
1389 1443 1539 1478 direxeris

347 1514 377 1538 et
396 1517 435 1538 ex
447 1513 512 1537 tota
527 1513 634 1538 mente
651 1503 689 1537 ad
708 1503 793 1537 illam
806 1502 1103 1537 immarcescibilem
1117 1503 1265 1548 gloriam,
1285 1514 1348 1547 que
1364 1511 1412 1535 est
1428 1502 1535 1536 Deum

347 1573 527 1606 agnoscere,
544 1563 651 1595 Deum
664 1561 804 1606 diligere,
816 1562 888 1595 Deo
901 1561 973 1602 frui,
992 1561 1154 1606 nichilque
1169 1561 1240 1605 plus
1259 1569 1418 1605 appetere,
1435 1560 1538 1604 suspi—

345 1619 433 1653 rabis.
481 1628 565 1660 tunc‚
590 1620 669 1653 sicut
691 1619 817 1660 iuberis,
838 1619 957 1653 amabis
980 1619 1176 1664 proximum,
1195 1619 1277 1653 sicut
1295 1628 1327 1652 te
1351 1619 1456 1663 ipsum
1479 1618 1540 1652 sci-

346 1678 418 1711 licet
437 1689 541 1711 amare
559 1677 663 1719 debes,
683 1689 755 1711 cum
774 1677 812 1712 ad
825 1678 914 1711 illum
931 1677 1071 1712 eundem
1090 1677 1191 1711 finem
1208 1677 1341 1719 amabis,
1360 1689 1435 1711 cum
1449 1677 1539 1711 insti—

346 1746 414 1770 tues
438 1736 567 1770 monitis
587 1746 617 1770 et
641 1736 787 1770 invitabis
811 1736 985 1781 exemplis3
1005 1737 1051 1769 sic
1066 1745 1099 1770 et
1122 1736 1161 1770 ad
1180 1736 1243 1770 hoc
1262 1736 1339 1770 volo
1356 1736 1539 1785 Iohannam

347 1795 457 1839 diligas
465 1807 474 1836 3
505 1794 614 1838 diligas
638 1803 670 1828 et
696 1806 821 1836 omnes,
849 1806 1055 1840 quascunque
1088 1795 1291 1840 cognoveris,
1322 1795 1484 1835 mulieres,
1507 1803 1540 1828 et

347 1852 466 1886 nedum
478 1852 632 1893 mulieres,
646 1852 700 1886 sed
717 1853 801 1886 viros
807 1866 816 1894 ;
833 1862 982 1898 tantaque
997 1854 1037 1887 sit
1054 1854 1087 1887 in
1100 1863 1131 1887 te
1143 1854 1279 1888 caritatis
1295 1853 1433 1894 affectio,
1450 1851 1540 1897 quod

347 1922 446 1954 usque
475 1910 513 1943 ad
544 1919 614 1944 tuos
645 1912 808 1954 perveniat
831 1911 989 1945 inimicos.
1047 1923 1115 1945 non
1140 1923 1228 1946 ames
1253 1911 1436 1945 Iohannam
1463 1910 1540 1956 quia

347 1968 452 2012 pulcra
482 1977 538 2008 est,
559 1969 644 2012 quod
669 1969 758 2002 flavis
780 1969 928 2010 crinibus,
952 1970 1040 2015 quod
1069 1970 1170 2004 oculis
1195 1970 1335 2011 sidereis,
1364 1969 1539 2003 scintillan-

401 2073 419 2087 1.
434 2065 488 2088 Cod.
504 2065 619 2094 displicuit
686 2067 718 2089 16.
734 2067 790 2090 Cod.
804 2071 890 2090 omette
905 2069 965 2097 quod

383 2149 423 2183 (1)
440 2149 544 2181 Questo
565 2151 672 2185 poetico
692 2152 914 2187 componimento

348 2190 390 2217 del
408 2191 445 2226 S.,
464 2200 499 2218 un
510 2199 615 2219 sonetto
630 2194 849 2229 probabilmente‚
859 2204 915 2223 non

348 2233 363 2259 ὲ
380 2238 419 2259 tra
431 2233 440 2259 i
454 2234 533 2268 pochi
551 2235 610 2262 suoi
626 2235 677 2262 che
693 2237 716 2263 ci
735 2245 805 2264 sono
825 2246 916 2273 perve-

348 2276 412 2302 nuti.
449 2275 486 2302 Le
505 2277 595 2311 parole
615 2278 718 2313 poiche
738 2279 757 2305 il
775 2285 868 2307 nostro
880 2281 915 2307 ri-

348 2316 438 2344 ferisce
462 2326 540 2345 come
565 2320 653 2355 quelle
682 2321 732 2348 che
757 2331 791 2349 ne
814 2322 914 2350 sorma-

349 2367 418 2385 vano
437 2360 456 2386 il
470 2361 608 2397 principio,
621 2371 648 2389 se
662 2363 687 2390 le
705 2365 874 2393 traduciamo
886 2366 915 2393 in

350 2401 458 2436 volgare
465 2404 487 2429 ci
499 2404 608 2431 ridanno
615 2406 691 2440 quasi
701 2407 727 2433 di
737 2416 783 2443 per
792 2416 821 2435 se
831 2414 914 2436 stesse

350 2442 400 2469 due
420 2445 605 2473 endecasillabi
614 2457 620 2474 :

1013 2153 1058 2174 che
1072 2154 1130 2175 rmi-
1137 2159 1167 2179 ω,
1182 2155 1268 2175 vecchio
1281 2162 1362 2183 rugoso
1375 2162 1387 2175 e
1401 2155 1485 2180 δίιιω,

1013 2187 1084 2208 Mnaso
1098 2188 1152 2208 dalla
1165 2189 1220 2209 virtu
1235 2189 1268 2209 del
1281 2193 1339 2209 reno
1351 2188 1422 2210 delo?

996 2249 1039 2284 (2)
1057 2249 1144 2276 Pis-m.
1165 2249 1244 2284 Canz.
1262 2258 1320 2285 par.
1337 2250 1359 2282 Ι,
1374 2258 1436 2278 son.
1454 2258 1478 2277 1:

1013 2305 1050 2326 Del
1066 2305 1123 2326 vado
1137 2305 1184 2326 stile
1197 2306 1219 2326 iu
1233 2306 1291 2327 ch'io
1305 2307 1382 2334 plango
1395 2313 1408 2327 e
1421 2307 1512 2335 ragione

986 2338 1026 2359 Fn
1039 2339 1059 2359 le
1073 2345 1126 2359 une
1139 2345 1236 2366 ‘penne
1250 2346 1262 2360 e
1277 2340 1292 2360 ’1
1305 2347 1347 2360 vm
1360 2340 1440 2365 dolon.

986 2372 1032 2392 Ove
1046 2373 1075 2393 ni·
1090 2373 1124 2393 chi
1137 2380 1172 2400 pa·
1186 2380 1251 2400 prov-
1265 2374 1350 2394 intend·
1362 2380 1444 2399 more,

986 2407 1051 2434 Spero
1063 2412 1134 2427 trev-r
1147 2408 1209 2435 pieta,
1224 2414 1266 2428 non
1281 2408 1320 2428 che
1333 2408 1435 2436 perdono.

995 2452 1038 2487 (3)
1057 2451 1100 2480 Cf.
1116 2460 1139 2480 ⁵.
1155 2452 1226 2480 Luc.
1240 2452 1275 2486 X,
1289 2460 1331 2488 27.

1568 931 1607 955 10

1569 1224 1606 1258 ¹5

1566 1808 1607 1842 25
