1682 2762
106 360 126 380 ln
140 358 201 387 quale
216 359 244 387 gli
258 365 320 386 porse

107 387 219 407 occasione
226 386 320 406 d'amrni-

105 420 149 434 rnre
167 420 179 434 e
197 413 212 433 1¹
222 413 320 440 elegnnzn

106 441 139 461 del
156 447 195 461 suo
214 440 260 460 stile
275 446 286 460 e
301 439 320 459 ln

106 467 228 495 profunditur
238 466 270 487 del
280 473 319 487 suo

106 501 185 522 mpere-

134 534 230 555 Mirabile
251 535 262 554 ὲ
285 534 320 561 poi

107 568 166 582 corne
197 561 266 581 Guido
295 560 319 580 nd

106 594 155 610 οιιιι
170 589 190 609 di
205 593 262 608 tante
278 587 320 607 fne-

107 616 170 636 cende
184 615 255 642 suppia
264 619 320 634 tene-

107 649 130 663 re
139 643 247 662 :sercin-xo
263 641 320 668 negli

107 670 163 690 nudi
176 668 191 689 l'
200 670 304 696 ingegno;

108 837 150 851 non
178 831 220 858 pud
263 829 320 850 uindi

106 858 144 879 che
171 863 279 884 spronaro
307 863 319 877 ι

105 885 216 905 continuu-
240 890 276 911 per
299 883 319 904 ln

106 913 140 932 via
167 912 189 931 in
217 912 251 932 cui
278 910 296 931 ι’
308 911 319 931 ὲ

104 945 184 959 messe.

132 1055 199 1075 Senta
225 1061 285 1075 neusa
309 1055 320 1075 e

105 1082 175 1102 difntti
196 1082 252 1102 colui
274 1082 320 1106 che,

106 1114 163 1129 tutto
174 1114 256 1129 asserto
267 1109 321 1129 nelle

105 1142 154 1157 cose
176 1141 267 1161 terrene,
301 1135 321 1156 le

119 1163 161 1183 unli
188 1169 321 1184 consertione

107 1191 112 1195 '
141 1196 214 1217 corpo.

108 1415 199 1430 trucun
221 1410 241 1430 le
265 1409 324 1437 spiri-

109 1437 169 1461 nuli,
182 1437 248 1457 incia
258 1437 279 1456 in
289 1437 323 1456 ab·

109 1464 207 1484 bnudono
216 1464 245 1491 gli
253 1464 323 1484 umani

109 1491 171 1515 studi,
189 1491 226 1511 che
241 1490 324 1511 l'imel-

109 1517 162 1538 letto
183 1517 297 1538 nebim-no
313 1524 324 1537 e

109 1544 130 1565 le
145 1544 244 1565 nzionali
253 1551 324 1572 specu-

110 1571 193 1592 lnzioni.

353 219 416 263 586
775 221 1121 251 EPISTOLARIO

350 353 383 385 in
405 350 521 396 quibus
537 349 669 398 quidem
684 348 814 393 gavisus
838 359 910 381 sum
928 356 997 381 tum
1015 345 1178 380 mundicia
1197 344 1259 379 stili
1279 354 1349 379 tum
1371 343 1551 378 dictaminis

349 411 508 455 gravitate
528 419 599 443 tum
620 408 779 441 dictorum
797 407 947 440 varietate
967 415 998 439 et
1018 406 1111 449 copia
1127 414 1197 438 tum
1213 415 1319 438 rerum
1335 404 1552 437 maximarum

349 469 485 503 scientia
504 476 600 511 atque
622 466 740 500 noticia
756 477 853 510 quam
867 463 1051 498 mirabiliter
1063 475 1118 507 pre
1139 473 1170 496 te
1186 462 1259 496 fers.
1305 462 1338 495 in
1353 461 1468 506 quibus
1482 461 1551 505 qui-

349 527 424 561 dem
442 525 593 560 omnibus
613 524 740 559 laudavi
760 535 888 558 mecum
913 523 1082 568 ingenium
1098 531 1203 562 tuum,
1226 520 1314 565 quod
1338 519 1468 554 videam
1491 531 1552 553 nec

349 586 423 620 ocio
450 584 599 629 rubigine
628 583 746 617 obduci
778 594 838 616 nec
868 580 1145 626 occupationibuS,
1168 591 1230 624 que
1262 579 1423 624 gregatim
1453 579 1487 612 in
1519 587 1552 612 te

348 653 452 684 ruant,
472 653 507 677 ut
530 642 740 687 invplerisque
764 641 856 681 solet,
877 639 1024 674 obtundi.
1089 639 1249 673 rarissima
1272 649 1413 682 namque
1438 636 1498 670 dos
1520 645 1552 670 et

347 702 516 747 singularis
544 702 646 746 gratia
677 699 882 734 multitudine
904 697 1123 744 gerendorum
1151 697 1189 731 ab
1221 696 1420 730 occultarum
1444 705 1553 728 rerum

347 761 562 805 vestigatione
587 771 655 793 non
681 759 811 793 distrahi
838 770 897 792 nec
921 757 1081 791 scibilium
1107 755 1291 795 amenitate,
1316 754 1395 799 quin
1419 751 1553 798 agendis

348 818 554 864 respondeas,
570 817 730 863 impediri.
777 829 841 862 qua
859 816 1020 861 siquidem
1039 816 1072 849 in
1090 827 1124 848 re
1143 813 1220 859 quid
1240 813 1367 853 faciam,
1388 812 1450 846 nisi
1464 811 1554 857 quod

347 889 378 913 te
409 878 545 913 fideliter
569 877 678 911 horter
701 886 733 910 et
756 875 862 921 quoad
887 875 1009 920 possim
1035 873 1243 908 amicabiliter
1267 871 1462 916 persuadens
1486 869 1554 905 effi-

349 939 433 971 ciam
460 935 549 982 quod
569 936 632 969 hoc
651 935 854 980 propositum
874 946 941 967 non
961 933 1120 977 relinquas
1145 943 1182 965 ac
1200 940 1327 965 tantum
1351 938 1383 964 et
1404 929 1466 963 tale
1491 929 1554 963 Dei

349 996 475 1030 donum
499 995 602 1029 taliter
625 1004 849 1039 recognoscas,
874 991 963 1037 quod
987 991 1047 1026 hac
1067 991 1129 1025 Dei
1151 989 1354 1034 indulgentia
1375 999 1433 1032 per
1451 987 1554 1033 negli-

347 1054 494 1100 gentiam
513 1062 545 1087 te
565 1064 631 1086 non
652 1051 767 1086 reddas
786 1050 984 1095 indignum?
1028 1047 1278 1094 reprehensibile
1297 1046 1429 1092 quidem
1449 1055 1496 1080 est
1515 1045 1555 1080 ad

349 1114 507 1147 virtutum
524 1111 620 1146 ardua
638 1122 704 1144 non
722 1110 823 1144 adniti
843 1119 874 1143 et
889 1110 1059 1154 ignavum,
1078 1119 1154 1141 cum
1170 1118 1209 1140 ex
1230 1106 1337 1140 anima
1357 1115 1555 1150 corporeque

350 1179 550 1210 constemus,
576 1168 696 1214 fragilis
723 1178 755 1202 et
782 1166 992 1212 corruptibilis
1016 1165 1111 1199 huius
1140 1163 1271 1198 visibilis
1300 1162 1418 1198 fabrice
1446 1173 1555 1197 curam

351 1241 473 1274 gerere,
490 1228 649 1272 optimam
669 1238 746 1260 vero
763 1226 863 1260 nostri
888 1235 1022 1270 partem,
1039 1224 1180 1257 animam
1197 1222 1327 1259 scilicet,
1344 1233 1411 1255 non
1435 1231 1555 1255 curare.

352 1287 519 1332 agibilium
539 1297 680 1331 namque
704 1285 805 1326 labor,
831 1296 896 1329 quo
921 1283 972 1317 vel
996 1282 1163 1316 studemus
1193 1280 1309 1325 opibus
1333 1279 1386 1313 vel
1409 1278 1557 1324 dignitati

350 1346 403 1380 vel
422 1345 567 1390 potentie
587 1345 650 1386 vel,
673 1344 762 1389 quod
781 1344 923 1376 maxime
947 1353 1007 1376 nos
1026 1349 1206 1386 permovet,
1230 1339 1344 1384 glorie,
1368 1349 1484 1382 corpus
1507 1337 1558 1372 in-

354 1405 456 1445 struit,
475 1415 589 1448 corpus
606 1403 702 1444 colit;
722 1402 841 1443 anima,
858 1401 949 1446 quasi
973 1399 1072 1434 nichil
1091 1400 1131 1432 sit
1147 1409 1181 1433 et
1202 1397 1243 1431 ad
1261 1409 1323 1431 nos
1338 1407 1407 1431 non
1425 1405 1557 1442 spectet,

353 1463 536 1508 negligitur.

600 1461 706 1496 studia
740 1460 873 1506 quidem
909 1458 1118 1493 humanitatis
1148 1466 1411 1501 secretorumque
1443 1463 1557 1489 nature

353 1532 397 1564 et,
417 1532 452 1556 ut
471 1521 582 1555 omnia
599 1521 696 1555 simul
712 1520 864 1564 colligam
881 1528 912 1553 et
931 1518 1042 1552 altiora
1062 1516 1269 1562 complectar,
1287 1514 1393 1549 studia
1412 1513 1557 1554 rationis,

406 1605 427 1628 6.
443 1605 491 1628 Con
507 1605 602 1627 obtundi
617 1604 737 1627 s'arresta
751 1603 768 1626 1’
776 1603 877 1633 epistola
891 1603 917 1625 in
927 1601 958 1625 1³¹

352 1685 409 1712 voli
425 1684 553 1712 relazioni
567 1684 594 1711 di
607 1683 741 1711 Coluccio
757 1692 807 1711 con
825 1682 932 1715 Guido3

353 1728 509 1756 cancellieri
525 1727 659 1754 entrambi
673 1727 698 1754 di
718 1727 770 1754 due
786 1727 850 1754 citra
868 1726 934 1752 viei-

353 1772 464 1799 nissime
487 1779 502 1798 e
529 1771 620 1805 legate
647 1770 682 1797 da
704 1771 771 1797 tanti
801 1769 932 1802 interessi‚

354 1813 505 1841 circondati
531 1812 565 1840 da
592 1813 672 1840 amici
695 1813 815 1846 comuni,
842 1812 902 1839 tutt'
918 1820 933 1838 e

353 1856 405 1883 due
425 1856 611 1892 appassionati
632 1855 805 1891 raccoglitori
826 1855 853 1881 di
874 1854 933 1882 libri

354 1899 387 1926 ed
398 1898 515 1925 amatori
525 1897 569 1925 del
581 1906 684 1933 sapere,
696 1906 774 1924 come
786 1897 933 1924 avrebbero

353 1946 450 1977 poturo
463 1946 562 1967 restare
572 1949 620 1976 per
630 1945 737 1975 quattro
747 1939 822 1966 lustri
833 1939 860 1966 in
874 1948 933 1975 rap-

353 1984 420 2020 porti
441 1983 562 2010 continui
575 1981 703 2009 d’ufficio
721 1991 802 2009 senza
821 1982 873 2009 che
889 1991 934 2009 na-

353 2033 444 2052 scesse
459 2025 487 2051 in
507 2024 568 2051 loro
587 2024 721 2051 desiderio
738 2025 763 2050 di
777 2025 932 2051 conoscersi

353 2068 398 2102 piu
404 2066 564 2093 davvicino?
599 2060 619 2092 E
630 2065 704 2093 forza
715 2066 808 2102 quindi
818 2067 933 2093 ritenere

354 2109 404 2136 che
420 2117 467 2144 per
479 2117 516 2136 un
533 2109 667 2144 capriccio
682 2108 724 2135 del
744 2117 810 2135 caso
825 2114 893 2135 tutte
907 2108 933 2135 le

353 2151 468 2187 epistole
487 2151 578 2178 scritte
597 2151 641 2178 dal
662 2151 690 2178 S.
704 2151 730 2178 al
748 2150 881 2178 Manfredi
896 2152 933 2178 in-

352 2193 432 2220 nanzi
452 2193 478 2220 al
500 2201 567 2227 1400
586 2193 663 2220 siano
684 2193 781 2220 audate
800 2193 932 2220 smarrite.

354 2235 393 2262 Ed
413 2244 428 2262 a
447 2242 543 2271 questa
558 2236 750 2271 supposizione
768 2235 803 2262 da
822 2235 932 2263 efficace

353 2277 478 2304 conforto
493 2277 580 2304 anche
592 2278 618 2304 la
629 2283 762 2313 presente,
770 2277 840 2304 dalla
852 2278 932 2314 quale

353 2320 447 2347 risulta
458 2329 537 2348 come
552 2320 686 2348 Coluccio
698 2321 819 2348 nudrisse
829 2330 877 2356 per
889 2330 933 2348 ser

355 2362 447 2389 Guido
461 2362 636 2389 un'amicizia
656 2364 682 2390 di
701 2363 815 2390 vecchia
834 2363 905 2390 data.

389 2405 433 2432 Ad
448 2413 592 2441 assegnare
605 2407 649 2442 poi
664 2406 690 2433 al
707 2413 772 2440 1402
793 2406 810 2433 l'
817 2406 932 2443 epistola

1015 1602 1037 1624 8.
1048 1601 1066 1623 Α
1076 1600 1175 1623 sibilium
1232 1605 1302 1622 ιο-ιι.
1311 1598 1330 1620 Α
1343 1597 1464 1620 efficatiam

979 1687 1065 1708 stessa
1076 1680 1164 1707 siamo
1174 1679 1272 1706 indotti
1282 1679 1312 1712 (a
1320 1684 1410 1705 tacere
1419 1676 1464 1704 del
1473 1676 1559 1713 luogo

979 1723 1090 1750 ch'essa
1103 1730 1207 1758 occupa
1219 1722 1246 1748 in
1259 1721 1292 1748 ΡΙ
1306 1720 1340 1748 ed
1354 1719 1403 1755 1³¹)
1415 1719 1451 1747 da
1465 1726 1559 1756 queste

981 1764 1202 1793 considerationi.
1233 1763 1431 1791 Dall’accenno
1441 1762 1494 1790 che
1501 1762 1521 1790 il
1529 1761 1558 1790 S.

981 1808 1005 1835 fa
1016 1817 1031 1835 a
1041 1809 1149 1835 maestr'
1157 1806 1279 1843 Ugolino
1289 1806 1313 1832 si
1322 1805 1406 1832 rileva
1416 1805 1478 1838 che,
1485 1813 1560 1832 men·

979 1853 1011 1879 tr'
1022 1851 1078 1886 egli
1097 1851 1227 1882 scriveva,
1246 1849 1264 1876 il
1285 1849 1394 1876 medico
1419 1854 1560 1876 monteca-

979 1895 1065 1922 tinese
1085 1894 1107 1921 si
1126 1900 1239 1920 trovava
1259 1901 1274 1919 a
1293 1891 1414 1919 Firenze.
1452 1890 1494 1920 Or
1512 1891 1558 1918 noi

977 1938 1104 1964 abbiamo
1131 1937 1176 1972 gia
1199 1936 1299 1962 veduto
1327 1935 1379 1961 che
1400 1934 1420 1961 il
1447 1933 1558 1962 Caccini

980 1981 1174 2008 nell'autunno
1194 1979 1238 2006 del
1267 1987 1334 2012 ¹402
1354 1978 1510 2005 dichiarava
1531 1977 1559 2004 di

979 2032 1035 2050 non
1055 2023 1142 2050 abitar
1160 2022 1206 2058 piu
1226 2030 1241 2048 a
1260 2021 1371 2048 Firenze
1389 2018 1438 2055 (cf.
1452 2019 1498 2047 lib.
1510 2019 1559 2052 xl,

979 2075 1020 2102 ep.
1032 2074 1104 2098 xvn,
1123 2075 1149 2102 p.
1161 2074 1208 2101 395
1230 2065 1255 2092 di
1276 2069 1374 2100 questo
1384 2063 1525 2097 volume);
1542 2071 1559 2090 e

979 2109 1004 2136 d'
1016 2108 1084 2136 altra
1103 2114 1178 2144 parte
1197 2108 1220 2134 si
1238 2108 1253 2134 ὲ
1273 2115 1323 2143 pur
1341 2111 1493 2133 constante
1506 2105 1559 2132 che

978 2152 1006 2178 in
1026 2158 1119 2187 questa
1139 2151 1204 2178 citra
1223 2150 1248 2177 ei
1267 2149 1374 2176 doveva
1393 2156 1457 2175 aver
1475 2147 1560 2175 dimo-

979 2201 1038 2221 rato
1049 2203 1096 2229 per
1106 2194 1236 2229 alquanto
1245 2198 1348 2227 tempo,
1355 2190 1464 2227 quando
1473 2189 1559 2217 inscie>

979 2236 1080 2268 Lucca,
1100 2235 1158 2262 cioe
1173 2244 1189 2262 a
1208 2235 1264 2262 dire
1278 2234 1320 2261 sul
1340 2233 1416 2260 finire
1431 2232 1476 2259 del
1491 2239 1559 2266 14oe

978 2287 995 2305 ο
1008 2279 1050 2306 sul
1065 2278 1197 2314 principio
1209 2277 1253 2304 del
1270 2285 1345 2310 ¹⁴⁰¹·
1383 2276 1421 2302 La
1435 2281 1559 2312 presente

978 2323 993 2349 ὲ
1012 2322 1105 2358 quindi
1125 2327 1194 2348 stam
1215 2320 1316 2353 serim,
1331 2317 1507 2346 secondoche
1525 2317 1559 2344 ri-

977 2365 1099 2391 teniamo
1131 2362 1278 2399 probabile,
1305 2361 1376 2388 nella
1407 2359 1559 2396 primavera

977 2406 1022 2434 del
1045 2414 1120 2440 1402.

1586 879 1626 903 10

1588 1171 1624 1204 15

1585 1461 1628 1486 20
