1682 2762
70 1465 113 1490 20

418 225 464 252 DI
497 225 762 255 COLUCCIO
795 226 1069 254 SALUTATI.

1274 221 1338 263 627

139 350 340 386 Umbrorum
362 362 457 395 supra
481 352 609 386 Tuscos
629 362 662 385 et
685 353 806 397 inquit:
831 353 987 394 Pitinum,
1007 352 1194 394 Tifernum,
1217 354 1338 387 Forum
1366 358 1446 379 ‘lwd-
1460 360 1526 393 queue
1540 361 1576 382 de-

1366 384 1395 412 gli
1405 385 1484 412 Unum,
1491 388 1532 408 cira
1540 395 1576 409 nn-

140 409 325 454 Empronii;
337 410 425 454 quod
442 409 537 444 credo
553 411 670 444 rectius
682 410 743 444 dici
758 411 878 445 forum
891 412 1092 456 Sempronii;
1109 421 1141 446 et
1152 421 1339 456 postpauca
1366 418 1402 432 ‘⁰‘
1422 413 1465 441 ‘⁸¹¹
1479 414 1575 438 'rismo-

139 479 203 513 que
217 467 326 502 nescio
339 467 461 502 subdit:
478 468 632 510 Asisium,
650 469 872 509 Camarinum,
888 469 1026 503 Nuceria
1037 470 1081 503 (¹).
1128 481 1191 514 qua
1205 469 1339 503 Ptholo-

140 525 205 560 mei
219 524 442 570 designatione
458 526 555 560 nichil
572 525 659 560 aliud
676 526 800 560 intendi
816 535 894 571 puto
910 527 970 560 nisi
986 527 1109 569 urbem,
1126 539 1225 572 quam
1241 527 1339 561 hodie
1366 528 1426 556 νώ
1448 535 1516 552 ωἐκ
1539 538 1579 552 ‘⁰¹¹

141 583 316 619 Civimtem
337 583 469 618 Castelli
493 584 622 628 proprio
639 584 798 618 vocabulo
818 596 1052 629 nuncupamus.
1101 586 1152 619 cui
1176 585 1220 619 rei
1239 584 1339 619 fidem

140 641 215 677 facit
237 641 392 683 Pitinum,
417 641 506 686 quod
529 641 610 676 olim
634 651 774 676 castrum
793 642 862 683 fuit,
882 654 970 676 nunc
993 654 1070 677 vero
1095 654 1190 677 mons
1213 653 1262 678 est
1279 654 1339 677 no-

141 700 239 735 minis
261 699 433 744 supradicti
446 700 491 733 (³).
538 710 642 734 stante
665 700 797 745 quidem
816 700 902 734 fama
915 701 1003 746 quod
1019 701 1079 735 hec
1094 701 1169 736 urbs
1184 701 1264 735 olim
1280 701 1338 735 Ti-

141 757 280 799 fernum,
308 757 442 792 Tiferna
475 758 524 792 vel
556 757 702 792 Tifernia
735 758 819 792 dicta
842 759 894 800 sit,
926 771 986 793 nec
1017 759 1116 804 longe
1147 771 1202 803 per
1231 768 1336 793 totam
1367 773 1381 787 n
1411 773 1423 787 e

141 817 310 863 regionem
333 816 474 862 aliquem
505 817 605 850 alium
626 817 736 851 locum
766 829 836 851 esse
862 817 995 858 dicatur,
1014 818 1069 862 qui
1097 817 1167 851 talis
1195 818 1338 852 nominis
1368 854 1379 868 e
1394 854 1406 868 e

141 875 355 921 appellatione
378 874 463 909 fama
486 875 537 909 vel
561 876 715 920 opinione
738 875 924 916 celebretur,
948 875 1025 920 quid
1050 875 1134 909 aliud
1158 875 1262 910 dicere
1287 876 1339 909 vel
1366 881 1408 894 '²⁰¹²

140 934 258 969 sentire
280 944 453 979 possumus
476 945 574 978 quam
596 934 717 978 priscos
731 934 803 968 illos
823 943 968 968 auctores
984 933 1024 967 de
1044 934 1183 968 Civitate
1205 933 1336 968 Castelli

141 991 197 1027 illo
220 991 345 1026 Tiferni
368 991 503 1025 nomine
527 991 708 1036 cogitasse?
754 1003 831 1026 nam
853 991 942 1036 quod
965 993 998 1026 in
1023 991 1129 1036 aliquo
1163 991 1336 1036 Dialogi

142 1050 310 1085 volumine
333 1049 510 1084 Tiferne
533 1050 685 1094 scriptum
710 1059 768 1091 est,
793 1049 889 1084 credo
905 1050 1110 1084 verissimum
1126 1061 1196 1084 esse
1213 1058 1336 1084 textum

141 1118 174 1143 et
196 1120 237 1143 ex
258 1120 325 1154 quo
349 1107 504 1154 oppidum
528 1107 605 1142 illud
625 1108 795 1153 episcopali
812 1107 967 1153 dignitate
983 1108 1093 1142 civitas
1108 1108 1190 1142 sacta
1203 1107 1264 1142 fuit
1278 1120 1337 1153 pro

143 1165 305 1201 Tiferno
328 1165 528 1200 Tifernam
553 1166 699 1211 appellari
725 1167 855 1211 cepisse.
908 1166 1061 1212 quodque
1084 1166 1268 1201 Tiberine
1291 1178 1340 1200 re-

143 1226 263 1271 peritur
287 1224 475 1259 adiunctum
509 1224 591 1259 forte
623 1225 707 1270 cepit
734 1225 774 1259 ad
805 1224 1015 1259 differentiam
1035 1224 1171 1266 Tiferni,
1192 1224 1279 1270 quod
1303 1225 1336 1259 in
1367 1221 1394 1235 ¹¹¹¹

142 1283 267 1330 Apule·
281 1292 388 1329 potest
410 1295 499 1324 esse3
523 1282 657 1317 Tiferna
675 1282 807 1328 quidem
822 1283 988 1324 Tiberina,
1005 1295 1079 1317 cum
1095 1294 1193 1328 prope
1209 1282 1335 1316 Tibrim

142 1343 202 1378 sita
224 1343 276 1383 sit,
300 1341 600 1377 accomodatissime
623 1342 728 1386 potuit
752 1341 910 1387 appellari.
957 1341 1087 1387 quando
1111 1352 1188 1375 vero
1208 1340 1260 1375 vel
1281 1352 1339 1374 cur

143 1400 228 1436 dicta
245 1402 298 1443 sit,
315 1400 450 1435 dimisso
470 1400 568 1434 veteri
584 1399 728 1440 nomine,
745 1399 870 1435 Civitas
887 1399 1028 1440 camelli,
1041 1400 1123 1433 sicut
1142 1398 1239 1433 hodie
1254 1395 1338 1433 nun-

143 1468 287 1505 cupatur,
311 1458 392 1494 forte
415 1468 524 1504 posset
546 1459 579 1492 in
602 1469 736 1492 romana
760 1458 846 1492 curia
870 1458 1016 1503 reperiri;
1043 1469 1106 1502 ego
1130 1468 1207 1491 vero
1233 1455 1338 1491 fateor

143 1529 197 1552 me
219 1518 342 1552 nescire
364 1526 506 1562 putoque
529 1515 617 1561 quod
641 1516 813 1550 Tifernum
837 1528 892 1562 per
915 1516 1015 1550 iotam
1039 1527 1105 1549 non
1125 1527 1180 1560 per
1202 1515 1336 1549 litteram

143 1574 387 1619 pythagoricam
410 1574 451 1608 sit
474 1573 693 1615 scribendum3
717 1574 768 1608 cui
792 1574 836 1608 rei
860 1573 958 1607 fidem
981 1572 1100 1607 faciunt
1115 1572 1335 1617 antiquissime

143 1632 259 1673 littere,
286 1643 366 1677 quas
389 1631 455 1666 vidi
487 1641 631 1676 sumptas
658 1643 698 1666 ex
721 1643 903 1665 marmoreo
928 1630 1043 1676 lapide,
1066 1630 1121 1675 qui
1148 1639 1197 1664 est
1220 1631 1252 1664 in
1279 1629 1338 1663 do-

143 1690 249 1725 mibus
273 1690 504 1725 canonicorum
527 1689 648 1724 illiusce
672 1690 807 1724 civitatis
817 1690 862 1723 (Ξ).
910 1689 970 1723 hec
992 1689 1155 1723 hactenus.

197 1801 216 1819 ι.
230 1795 381 1824 umam]
395 1794 453 1819 cod.
466 1794 562 1817 mmm
577 1795 634 1823 (ιω
688 1800 726 1824 23.
740 1794 792 1824 qui]
808 1794 863 1818 eoa.
880 1793 942 1823 qnod

176 1900 220 1935 (1)
236 1898 286 1927 Cr..
298 1898 427 1927 Ρτοιεκ.
436 1907 480 1935 op.
493 1907 509 1926 e
520 1898 574 1926 loc.
588 1898 629 1926 cit.
644 1898 717 1934 545:

143 1952 158 1968 ι
171 1942 291 1970 nun-032
314 1942 443 1978 μοόγινοι
459 1950 488 1974 »ς
511 1941 526 1977 S
549 1940 598 1974 46:
623 1950 639 1966 α
650 1941 717 1975 Ὄμ-

142 1984 233 2021 «βρον
257 1984 352 2016 πόλεις,
370 1984 394 2010 οἳ
418 1984 479 2010 εἰσὶν
499 1984 558 2019 &rip
581 1984 639 2012 τοὺς
656 1982 719 2009 Τού-

143 2037 158 2053 ι
167 2035 252 2056 neoc:
272 2028 288 2042 “
302 2027 412 2059 nis-mo,
426 2026 551 2061 rippas,
565 2026 645 2061 Φόρκ
657 2026 719 2060 Σιμ-

143 2070 283 2106 «mum,
292 2069 407 2106 Ἰγοιίων,
421 2068 499 2101 Αἶας,
514 2069 647 2103 Τούφιιυν,
661 2066 719 2094 Σίν-

143 2121 158 2138 ι
170 2122 247 2144 nm,
275 2111 393 2144 Δίσίοιον,
419 2111 566 2147 Καμάριναν,
598 2111 719 2145 Νουκερία

144 2164 159 2180 ι
168 2155 277 2182 aowin
286 2154 303 2166 '’
313 2164 339 2181 ι.

176 2196 220 2231 (2)
239 2195 288 2223 Sui
307 2195 365 2222 vari
382 2194 478 2231 luoghi
498 2194 625 2222 chismati
652 2203 666 2219 α
677 2193 720 2220 Pi-

144 2239 256 2266 ctinum
267 2249 283 2264 2
297 2238 428 2274 veggansi
442 2238 468 2265 le
483 2242 548 2264 note
561 2236 605 2264 del
618 2235 719 2264 Mulier

142 2280 168 2308 21
185 2288 266 2317 puteo
285 2288 318 2308 or
335 2281 416 2308 citato
435 2279 462 2307 di
481 2278 632 2311 Tolomeo,
650 2278 718 2305 ediz.

142 2321 218 2355 cit-1.
230 2330 288 2358 ³5¹·
325 2315 347 2349 Ε
358 2321 446 2348 anche
458 2321 492 2347 da
506 2320 640 2347 avvertire
655 2319 717 2351 che,

142 2364 263 2392 secondo
287 2363 306 2391 ἰΙ
329 2364 406 2391 dotto
430 2363 552 2399 grecisu,
580 2361 719 2389 'rolomeo

142 2415 199 2434 non
215 2407 330 2434 avrebbe
347 2406 442 2434 voluto
454 2406 558 2434 indicat
572 2405 626 2442 qui,
638 2413 719 2432 come

764 1900 847 1928 pensa
865 1892 884 1919 il
903 1891 941 1924 S„
955 1890 1069 1918 Tiferno
1094 1889 1226 1917 Tiberino
1250 1888 1339 1923 (Citra

763 1935 790 1962 di
810 1934 955 1967 Casteuo),
974 1942 1019 1961 ma
1039 1932 1151 1960 Tiferno
1165 1931 1338 1959 Metaurense

764 1976 806 2011 (S.
826 1975 935 2012 Angelo
954 1976 981 2002 in
1001 1974 1100 2006 vado).

799 2019 842 2053 (3)
862 2018 887 2045 Α
906 2017 986 2054 quale
1003 2022 1045 2043 tra
1063 2016 1100 2051 gli
1114 2015 1215 2042 antichi
1230 2013 1342 2041 titoliti-

764 2060 860 2088 fernnti
879 2061 1018 2096 pervenuti
1033 2059 1094 2085 sino
1105 2066 1121 2084 a
1133 2057 1180 2084 noi
1193 2055 1283 2083 alluda
1293 2054 1340 2090 qui

764 2105 782 2132 il
802 2105 830 2133 S.
850 2106 865 2131 ὲ
884 2102 993 2131 difficile
1011 2102 1082 2135 dire;
1101 2107 1176 2128 tanto
1194 2100 1240 2136 piu
1263 2106 1342 2126 man-

765 2146 877 2175 madoci
899 2154 945 2182 per
968 2150 1061 2181 questa
1081 2149 1155 2180 parte
1179 2142 1199 2169 il
1223 2140 1340 2168 sussidio

765 2189 808 2217 del
825 2188 854 2217 C.
874 2189 894 2216 Ι.
915 2189 945 2216 L.
981 2187 1027 2214 Ma
1045 2194 1102 2214 non
1120 2186 1213 2213 tacere>
1233 2183 1283 2211 che
1298 2189 1340 2210 tra

766 2233 790 2260 le
811 2231 901 2267 lapidi,
916 2231 944 2257 in
959 2229 1003 2256 eui
1018 2229 1041 2256 si
1057 2228 1202 2255 menziona
1216 2224 1341 2258 Tiferno,

765 2277 790 2303 la
810 2276 898 2311 prima
917 2273 968 2300 che
987 2271 1006 2299 il
1024 2270 1108 2303 Muzx,
1127 2278 1170 2306 op.
1191 2269 1236 2296 cit.
1254 2268 1275 2301 1,
1298 2275 1340 2300 n,

765 2317 870 2345 ricorda
883 2317 898 2343 e
907 2314 998 2351 quella
1011 2312 1075 2341 dell’
1085 2310 1259 2346 istoriografo
1267 2308 1340 2337 tifer—

764 2367 826 2387 nate
845 2359 880 2386 D.
902 2356 1065 2385 Alexandro
1089 2353 1204 2386 Certini,
1221 2351 1242 2380 il
1262 2350 1341 2388 quale

766 2402 845 2430 crede
864 2401 903 2428 sia
928 2399 954 2426 la
978 2405 1062 2426 stessa
1087 2397 1139 2424 che
1164 2395 1279 2423 esisteva
1304 2400 1342 2420 un

1390 475 1580 507 Qrprobnbihnen-

1366 506 1387 522 te
1407 502 1423 522 11
1443 510 1505 536 gneo
1531 510 1581 532 geo-

1395 561 1440 577 mo
1452 563 1512 578 none
1529 558 1581 579 nllu-

1366 590 1436 632 ηεΠο-ε
1445 583 1503 606 Cim
1512 584 1534 606 di
1542 584 1580 606 Cn-

1394 712 1458 734 Niun'
1464 713 1517 735 nim
1530 715 1581 735 citri
