1696 2782
73 949 113 974 10

73 1234 110 1268 ¹5

68 1696 112 1722 20

419 289 467 316 DI
499 289 763 318 COLUCCIO
795 287 1061 316 SALUTATI.

141 411 281 454 ascendi,
297 411 410 452 fateor,
428 412 461 446 in
481 421 679 446 senectutem
694 425 702 453 ;
718 412 782 445 iam
800 412 888 446 enim
907 411 1128 456 sexagesimus
1152 420 1183 445 et
1206 420 1336 456 quartus
1364 418 1390 437 -ὁ
1398 417 1579 445 aguam-e*

1363 446 1579 472 untnqmttrennessi-

1292 290 1331 323 91

141 483 244 505 annus
255 482 328 504 mee
341 471 444 516 agitur
455 472 557 505 etatis.
599 470 656 505 sed
668 471 774 505 nullus
787 471 868 505 adeo
880 471 1069 516 decrepitus,
1083 481 1118 505 ut
1129 471 1246 506 Cicero
1259 482 1336 504 con-

139 529 248 570 sentit,
260 530 314 574 qui
330 540 364 563 se
376 541 444 563 non
455 538 559 573 speret
571 541 665 573 posse
677 529 792 563 saltem
807 529 847 563 ad
859 529 935 563 anni
954 530 1098 573 spacium
1113 540 1278 573 superesse
1289 529 1335 562 (¹).

140 703 252 738 diebus
275 713 434 748 augentur
451 713 483 738 et
505 712 661 738 crescunt.
707 715 776 737 non
798 712 846 738 est
873 704 1067 748 presentium
1091 715 1149 737 seu
1175 704 1336 748 preterita-

139 773 212 796 rum
223 760 390 796 studiohis
407 773 471 806 que
485 770 632 796 secutura
647 770 722 796 sunt
736 762 852 796 iniuria
863 760 1018 796 facienda.
1060 761 1185 796 nullum
1204 772 1253 796 est
1269 762 1337 796 iure

138 819 286 866 legitimo
301 829 541 860 testamentum,
555 831 622 865 quo
634 820 777 865 postumi
788 828 1007 864 pretereantur
1018 820 1063 854 (⁸).
1106 820 1221 854 melius
1234 830 1282 855 est
1298 820 1337 855 ab

139 878 291 912 intestato
315 878 397 912 mori
415 889 513 923 quam
538 877 679 912 invalide
702 887 735 912 et
756 877 992 912 inconsiderate
1009 878 1126 912 testari.
1173 879 1226 912 vix
1242 887 1338 923 atque

138 936 299 971 rarissime
322 935 452 981 pacifice
475 945 507 970 et
531 935 705 970 commode
728 935 843 971 dividit
865 945 998 970 testator
1020 937 1102 970 inter
1123 935 1207 970 filios
1232 936 1336 970 bona:

139 994 200 1030 alia
222 1003 271 1030 est
293 994 506 1029 consideratio
529 994 746 1029 distribuentis
767 995 874 1039 patris,
900 994 960 1028 alia
984 1004 1032 1028 est
1056 993 1188 1028 fratrum
1210 994 1336 1029 affectio

139 1052 326 1087 divisorum.
373 1061 404 1086 et
427 1062 598 1097 postquam
621 1052 662 1087 de
684 1052 787 1097 gloria
810 1063 907 1091 nunc,
932 1062 967 1087 ut
986 1053 1045 1094 vis,
1069 1053 1182 1097 agitur,
1201 1052 1247 1087 illi
1266 1065 1336 1098 pre-

138 1119 250 1155 parent
273 1110 455 1155 eligantque
479 1111 644 1144 materiam
668 1110 724 1155 qui
746 1110 927 1144 inchoaturi
946 1119 1022 1144 sunt
1044 1110 1193 1155 gloriam.

228 1167 308 1202 Vale
330 1167 418 1209 felix,
440 1168 706 1202 reverendissime
728 1167 872 1209 domine,
897 1177 930 1202 et
951 1179 1056 1213 parce,
1079 1168 1106 1202 si
1130 1167 1260 1213 longior
1278 1167 1334 1202 fui.

139 1235 206 1260 tam
229 1225 399 1261 efficaciter
421 1226 508 1260 enim
530 1226 692 1270 scripsisti,
710 1225 799 1271 quod
817 1227 925 1271 paucis
944 1237 1014 1261 non
1033 1225 1093 1260 fuit
1110 1225 1263 1271 possibile
1286 1237 1334 1260 re-

138 1283 308 1329 spondere.
354 1284 526 1326 florentie,
542 1293 637 1319 sexto
656 1284 727 1319 idus
749 1284 903 1330 quintilis.

713 1440 756 1475 X.

460 1520 491 1554 A
523 1519 705 1554 Bmmuno
734 1530 780 1554 m
811 1519 955 1554 Moeno
970 1519 1016 1553 (³).

489 1599 547 1635 [1.·‚
557 1608 582 1627 c.
594 1598 644 1627 116
653 1607 684 1634 n;
698 1599 743 1633 R',
754 1608 777 1628 c.
789 1607 818 1635 31
827 1607 856 1633 Α,
866 1599 983 1634 mutila]

411 1680 532 1726 Insigni
564 1680 636 1714 viro
668 1679 830 1714 Bemardo
860 1678 901 1714 de
930 1678 1067 1724 Moglio.

216 1819 385 1864 plusquam
401 1828 465 1853 *mo
486 1819 778 1863 peregrinationem
801 1818 1038 1864 longiusculam
1061 1819 1248 1859 obeuntem,
1271 1818 1334 1853 tuis
1362 1840 1368 1860 ,

139 1876 302 1922 michique
318 1875 511 1922 respondere
529 1876 694 1922 qualisque
713 1885 745 1911 te
762 1876 891 1912 fortuna
909 1871 1087 1923 excepisset
1105 1878 1218 1923 quisve
1241 1876 1334 1911 rebus

192 1981 379 2012 9.L¹innliter
434 1980 594 2012 15.L¹uma
647 1981 1106 2013 20.c0011.¹;R¹u«m=-dodenog¹o
1159 1981 1334 2012 amoq-nn-

138 2022 192 2046 hnic

139 2116 287 2154 porgergli,
303 2125 385 2145 come
403 2116 534 2145 vedremo
552 2117 599 2152 (cs.
614 2117 661 2144 lib.
679 2117 715 2151 X,

140 2168 182 2196 ep.
203 2159 245 2196 v),
262 2159 432 2188 l'oceasione
455 2159 578 2187 brainam
597 2159 715 2188 d’innal-

139 2210 202 2230 zare
219 2209 402 2230 nuovamente
420 2201 447 2229 12
461 2210 530 2230 voce
545 2210 593 2238 per
606 2203 716 2239 proprio

141 2250 235 2278 conum
244 2244 288 2272 del
297 2244 355 2280 pari
364 2243 423 2277 che,
432 2244 478 2280 piu
489 2244 567 2278 tardi.
577 2244 716 2272 l'elezioue

141 2287 167 2315 al
185 2293 267 2315 trono
290 2286 431 2323 pontificio
453 2286 643 2315 d’lnnocenzo
663 2286 716 2315 vn

141 2330 239 2365 (¹⁴0⁴)
248 2329 286 2365 gli
297 2331 406 2366 suggeri
419 2329 599 2366 queu'ultimo
610 2329 717 2366 appello

142 2381 159 2400 a
174 2372 287 2408 principi
300 2380 315 2399 e
330 2371 432 2408 popoli,
447 2371 490 2399 ch'
501 2371 555 2407 egli
567 2371 716 2407 cougiunse

142 2414 169 2442 ai
186 2421 227 2442 tre
244 2414 329 2442 scritti
354 2414 509 2450 precedenti
530 2422 546 2441 e
568 2414 646 2442 diede
665 2423 717 2442 con

143 2457 196 2484 esti
213 2456 267 2484 alla
284 2456 356 2490 luce,
373 2464 454 2484 come
472 2461 569 2484 attenta
586 2456 612 2484 ei
626 2457 718 2484 mede·

258 2028 295 2046 aa.
310 2021 340 2045 8¹
351 2028 495 2052 perpere‘r.
508 2022 570 2052 long.
591 2022 623 2046 dd
637 2022 814 2052 musculum

881 2029 920 2053 ²3-
935 2021 966 2046 λ’
981 2022 1104 2046 ruci-ibere
1112 2022 1256 2052 -exoepincet

759 2119 831 2145 simo
845 2117 910 2146 nell'
946 2117 1025 2145 'stola
1042 2118 1138 2146 diretta
1155 2118 1175 2145 il
1187 2126 1204 2154 9
1218 2118 1336 2154 germaio

763 2161 830 2196 1⁴06
847 2170 863 2189 a
882 2161 905 2189 L
941 2161 1026 2189 nudo
1043 2162 1136 2190 Bruni.

794 2204 839 2239 (ι)
857 2204 920 2233 Cic.
938 2204 978 2232 De
995 2208 1080 2232 mat.
1099 2204 1160 2239 vll,
1179 2212 1221 2238 ²4·

795 2247 840 2282 (2)
858 2246 902 2275 cf.
921 2247 983 2282 Dil-
1005 2247 1050 2274 ub.
1079 2246 1207 2281 XXVIII,
1232 2247 1272 2275 n't.
1299 2255 1338 2282 m,

760 2288 808 2316 De
827 2288 974 2322 iniusto,
992 2294 1107 2324 rupto,
1125 2288 1228 2316 irrito
1247 2287 1338 2316 facto

761 2336 990 2363 testamento,
1009 2338 1020 2358 ι
1038 2339 1053 2358 e
1071 2338 1094 2358 n
1111 2330 1198 2366 princ.

796 2373 838 2408 (3)
852 2372 981 2400 Parecchi
994 2373 1075 2400 indixi
1087 2373 1113 2400 ci
1128 2372 1291 2401 consorano
1304 2373 1339 2401 ad

762 2422 907 2449 assegnare
930 2413 958 2440 al
984 2421 1047 2450 1395
1075 2413 1100 2441 la
1125 2420 1258 2450 presente.
1298 2414 1340 2442 In-

762 2456 841 2484 nanzi
864 2462 935 2484 tutto
955 2457 1004 2484 noi
1023 2458 1166 2493 appiano
1190 2457 1240 2485 che
1260 2465 1340 2485 verso

1364 472 1440 491 flumin
1447 471 1486 492 nlla
1496 478 1579 498 speran-

1364 505 1387 518 ιι
1391 498 1411 518 di
1416 503 1511 545 potesne,
1516 505 1580 525 quun-

1364 525 1415 546 δοες
1463 532 1493 550 ιι.
1502 525 1532 545 fu
1547 532 1579 545 nr·

1363 557 1464 579 gemente
1471 552 1492 572 di
1502 552 1578 574 scritti.

140 586 260 628 desine,
280 598 402 632 precor,
416 587 514 632 igitur
532 599 585 620 me
605 599 732 631 cogere,
752 596 787 621 ut
805 586 859 620 illa
878 586 1028 632 colligam
1047 598 1111 631 que
1134 598 1202 621 non
1225 587 1337 621 omnia
1364 591 1546 639 fflc‘ffixfflmo
1567 626 1580 639 ι

139 645 236 680 simul
255 654 341 686 sunt,
359 644 416 678 sed
435 645 469 679 in
487 646 641 679 continua
657 645 859 680 successione
877 645 982 689 posita
999 645 1171 689 quotannis
1194 654 1337 690 quotque
1366 646 1470 699 QW
1484 645 1524 666 ¹⁸¹²
1542 646 1579 666 ¹¹¹¹·

1529 597 1579 613 flnsso

1363 1060 1374 1074 e
1388 1053 1438 1075 Iud
1453 1054 1490 1075 che
1501 1055 1542 1075 all·
1556 1056 1577 1076 di

1364 1080 1393 1101 lni
1407 1081 1462 1102 saun
1476 1088 1554 1109 provee

1391 1114 1420 1128 no
1441 1108 1516 1129 colom
1539 1115 1550 1130 c

1377 1136 1577 1156 onaan-inceniu-

1363 1161 1434 1186 ciarh,
1446 1163 1492 1183 doe
1506 1169 1519 1183 ι
1531 1163 1575 1183 dire

1363 1188 1370 1208 ἰ
1383 1189 1470 1215 posted.

1422 1718 1515 1744 Pirenen,

142 1767 299 1852 Equum
321 1769 398 1802 erat,
420 1759 624 1795 dilectissime
646 1759 703 1802 fili,
726 1769 757 1794 te
780 1759 821 1795 de
842 1761 943 1805 patria
966 1771 985 1794 a
1008 1761 1072 1796 tuis
1095 1770 1127 1796 et
1150 1761 1226 1796 hinc
1244 1772 1262 1795 a
1281 1771 1335 1794 me
1382 1750 1575 1813 ὀξωζνῒζ,

1361 1813 1427 1833 cei-w
1439 1813 1459 1833 ln
1472 1813 1538 1840 paui·
1551 1813 1576 1833 «I
