1696 2782
152 413 183 434 Fu
210 412 229 433 ln
251 412 329 439 perdita

117 440 155 461 ben
175 439 274 460 dolorosa
293 445 329 466 per

116 468 124 487 i
133 466 221 494 figliuoli
231 472 242 486 e
256 473 290 493 per
300 465 329 485 lui

118 494 152 521 gin
173 493 263 517 vecchio,
285 492 330 512 anzi

118 521 211 541 cudente.

361 277 423 318 136

778 279 1122 308 EPISTOLARIO

357 418 524 441 manarum
548 417 654 440 rerum
677 406 798 438 sociam
822 414 853 438 et
877 413 1072 437 consortem.
1120 403 1255 438 decessit
1278 404 1428 449 equidem
1453 404 1551 437 nimis

357 465 467 499 acerbe
483 464 555 498 filiis
575 473 606 497 et
625 462 833 496 incommode
849 462 956 503 michi,
973 473 1040 496 non
1061 462 1168 496 solum
1183 463 1247 496 iarn
1263 462 1376 507 grandi
1392 472 1480 504 natu,
1495 463 1552 497 sed

357 523 436 557 seni.

413 634 431 650 1.
446 626 475 650 l}
491 625 551 648 enirn
592 625 629 647 Me
643 623 726 647 etenim

356 719 428 746 vent’
435 718 497 745 anni
514 717 618 744 vissuto
632 717 659 742 in
670 721 764 752 questa
778 715 849 748 citra,
863 723 931 741 eser-

357 762 465 789 citando
490 761 517 787 la
545 768 593 787 sua
617 758 786 795 professione
812 757 872 793 (atti
898 757 931 784 da

355 805 393 831 lui
411 804 498 839 rogati
517 802 562 829 nel
583 809 658 837 1357,
679 809 712 828 20
736 800 831 836 luglio,
856 799 931 835 1363,

356 854 389 883 29
401 846 493 881 aprile,
505 843 603 880 1365,6
613 852 714 875 marzo,
730 841 805 877 1366,
822 850 932 875 14mar-

354 897 386 915 zo
403 896 478 923 1373,
495 895 523 921 15
542 886 635 922 luglio‚
649 886 672 912 si
687 893 856 912 conservano
877 884 929 911 ori-

356 930 438 966 ginali
458 929 608 957 nell‘Arch.
633 929 659 954 di
685 928 763 955 Stato
787 928 815 954 in
841 927 932 959 Siena,

355 973 435 1000 Arch.
452 982 533 1008 gener.
546 981 591 999 nn.
608 979 665 1006 577,
681 978 740 1005 227,
759 969 811 1003 604
830 979 844 996 e
860 969 932 996 nella

355 1015 419 1043 bibl.
432 1014 586 1042 Comunale
596 1013 666 1040 della
676 1019 761 1040 stessa
772 1013 845 1045 citra,
859 1012 887 1038 S.
898 1011 932 1038 V.

356 1057 421 1084 fasci
443 1056 555 1089 XXIIII,
580 1055 686 1090 XXV);
713 1063 778 1090 pure
806 1063 885 1081 verso
913 1053 932 1080 il

357 1106 449 1135 tempo
461 1105 578 1135 appunto
590 1098 635 1125 nel
650 1098 730 1134 quale
745 1106 787 1124 ser
800 1097 932 1124 Coluccio

358 1143 443 1170 saliva
459 1142 484 1168 al
498 1141 687 1168 cancellierato
701 1140 853 1172 florentino,
864 1139 934 1166 erasi

359 1185 438 1212 anch'
447 1193 507 1212 esso
527 1189 686 1219 trasportato
709 1182 777 1209 sulle
802 1182 858 1208 rive
882 1181 936 1208 del-

360 1227 464 1254 l’Arno.
511 1226 581 1253 Fede
607 1226 632 1252 di
653 1225 696 1251 cio
715 1224 740 1251 fa
760 1224 785 1251 la
804 1224 936 1260 petizione

363 1269 412 1296 che
428 1269 444 1295 il
460 1269 485 1295 dl
501 1267 531 1294 16
541 1268 664 1303 d’agosto
681 1267 747 1302 1380
759 1266 813 1301 egli
826 1274 934 1302 presen-

361 1317 423 1337 tava
439 1311 464 1337 ai
477 1310 571 1346 priori:
585 1320 599 1334 «
612 1310 778 1335 Reverenter
794 1308 937 1343 exponitur

363 1363 377 1378 «
389 1362 438 1388 pro
455 1358 527 1388 parte
542 1361 585 1379 ser
600 1352 689 1379 Iacobi
702 1351 796 1378 Manni
811 1351 843 1377 de
860 1350 938 1376 Radi-

363 1406 378 1420 «
390 1395 507 1422 condolo
521 1395 663 1421 comitatus
678 1394 811 1421 Senatum
830 1393 939 1424 notarii,

363 1449 377 1463 «
389 1439 461 1474 quod
481 1439 538 1474 ipse
551 1443 642 1464 motus
656 1445 687 1463 ex
701 1437 844 1463 devotione
858 1443 938 1471 quam

364 1480 481 1506 «habuit
506 1485 533 1506 et
551 1479 632 1505 habet
657 1478 689 1504 ad
716 1478 852 1504 civitatem
874 1477 938 1503 Flo-

365 1533 378 1548 «
389 1523 474 1549 rentie
492 1528 519 1548 et
537 1522 595 1548 eius
611 1521 685 1547 cives
701 1528 731 1546 ac
744 1520 864 1555 ipsorum
881 1527 940 1553 pru-

365 1565 508 1591 «dentiam
529 1570 554 1591 et
574 1571 663 1590 mores
682 1563 757 1589 venit
770 1562 802 1588 ad
816 1561 938 1588 habitan-

365 1609 453 1634 «dum
471 1616 535 1634 cum
557 1607 614 1633 eius
633 1614 715 1632 uxore
739 1611 766 1632 et
790 1604 894 1631 familia
912 1605 939 1630 in

365 1660 378 1674 t<
389 1651 447 1686 ipsa
460 1649 566 1676 civitate
579 1654 606 1675 et
619 1652 760 1683 querentes
771 1646 831 1681 (sic)
842 1647 869 1673 in
883 1646 940 1681 ipsa

365 1704 379 1718 «
391 1692 508 1719 strictius
526 1690 640 1717 radicari
659 1696 686 1716 et
702 1697 765 1716 suos
778 1688 942 1715 descenden-

366 1746 380 1760 «
391 1741 431 1761 tes
448 1740 474 1760 et
487 1738 608 1768 posteros
627 1732 785 1767 relinquere,
801 1731 866 1758 emit
878 1739 941 1766 pos-

369 1788 382 1803 «
394 1777 525 1804 sessiones
541 1782 567 1802 et
579 1776 650 1802 bona
666 1775 694 1801 in
707 1774 802 1810 quibus
816 1773 942 1809 expendit

368 1830 382 1845 «
394 1820 510 1846 florenos
529 1818 712 1853 noningentos
732 1823 759 1843 et
777 1816 846 1843 ultra
868 1822 895 1842 et
914 1816 941 1842 in

369 1873 382 1887 «
395 1862 518 1888 domibus
530 1861 650 1896 ipsorum
661 1860 806 1892 bonorum,
821 1867 873 1894 que
893 1858 942 1885 sita

370 1914 383 1928 «
396 1909 457 1930 sunt
473 1903 609 1930 Florentie
620 1902 647 1928 in
661 1906 781 1928 contrata
796 1901 866 1927 dicta
878 1900 943 1927 Bor-

371 1957 386 1971 «
396 1945 460 1982 goli,
475 1945 604 1972 habitavit
617 1946 671 1971 iam
686 1944 806 1979 pluribus
825 1943 902 1970 annis
918 1949 945 1969 et

372 1989 498 2015 «habitat
519 1995 545 2014 et
569 1987 668 2014 ibidem
698 1995 730 2013 ex
754 1993 858 2022 septem
882 1985 944 2012 filiis

372 2041 385 2056 «
397 2039 464 2067 quos
478 2031 559 2057 habet
572 2035 688 2065 quatuor
700 2029 850 2065 procreavit
867 2034 893 2054 et
904 2033 945 2055 est

372 2084 386 2099 «
396 2074 521 2100 reductus
550 2073 583 2098 ad
612 2071 742 2098 extimum
774 2070 888 2097 civitatis
919 2075 946 2096 et

372 2126 386 2141 «
398 2117 454 2151 ipse
469 2115 551 2142 solvit
566 2121 593 2141 et
606 2114 790 2141 indifferenter
799 2113 871 2140 subit
883 2121 946 2148 que-

371 2166 503 2193 «cunque
522 2165 605 2183 onera
632 2162 657 2183 et
678 2155 821 2187 factiones,
840 2161 869 2181 ut
888 2154 946 2189 qui-

372 2211 386 2226 «
397 2208 503 2235 cunque
532 2199 596 2225 civis
622 2199 706 2234 ipsius
735 2197 850 2224 civitatis
875 2205 946 2223 sum-

374 2253 387 2268 «
398 2251 495 2278 meque
514 2242 645 2268 desiderat
672 2241 728 2276 ipse
753 2249 797 2267 ser
821 2239 947 2272 Iacobus,

374 2295 388 2309 «
399 2291 429 2311 ut
456 2290 546 2310 mente
571 2289 598 2310 et
622 2283 714 2309 animo
737 2288 785 2316 est,
811 2282 849 2308 sic
877 2280 947 2307 effici

376 2337 390 2352 «
401 2328 466 2354 civis
486 2326 598 2352 nomine
618 2331 643 2352 et
659 2325 756 2352 effectu
768 2330 796 2351 et
807 2324 880 2350 bona
895 2331 947 2358 que

376 2370 482 2396 «habet
495 2370 522 2395 in
539 2369 623 2404 patria
636 2368 746 2403 originis
759 2367 804 2394 hic
819 2366 948 2398 conferre,

377 2423 391 2438 «
401 2419 430 2439 ut
441 2412 486 2439 hic
500 2419 620 2443 uxorem,
635 2410 704 2437 filios
716 2415 742 2437 et
755 2409 949 2436 descendentes

378 2456 470 2482 «sicut
489 2460 515 2481 et
533 2454 603 2480 bona
623 2453 712 2480 firmet
726 2458 752 2479 et
768 2451 902 2487 relinquat
923 2457 950 2477 et

495 534 558 566 que
580 521 712 566 quidem
740 530 818 561 etas,
838 529 873 554 ut
897 529 1014 554 ceteras
1042 529 1228 555 nostrorum
1252 532 1424 565 corporum
1447 530 1552 566 pestes

796 631 818 653 3.
834 623 867 646 N¹
883 630 947 652 corp.
962 627 1034 647 nostr.

979 715 1087 750 «possit
1110 715 1191 742 istam
1217 716 1329 752 principi
1345 715 1406 752 (sic)
1424 722 1452 743 et
1474 724 1554 744 suam

980 763 1032 784 «et
1046 766 1158 784 suorum
1183 763 1312 794 perpetue
1339 758 1488 785 mansionis
1510 766 1555 794 pa-

979 810 993 825 «
1003 800 1083 826 triam
1101 800 1238 836 appellare
1250 810 1282 834 »;
1298 800 1380 828 Arch.
1396 800 1424 828 di
1437 800 1515 828 Statu
1525 800 1555 828 in

978 843 1098 876 Firenze‚
1117 843 1212 871 Prov-v.
1231 852 1258 870 n.
1277 851 1320 879 70,
1336 852 1358 871 c.
1378 851 1424 878 103
1437 851 1460 870 n.
1497 843 1556 870 Sin-

977 885 1071 920 golare
1099 886 1126 912 in
1155 894 1191 912 un
1220 886 1323 913 Senese
1351 885 1394 912 del
1433 891 1555 912 trecento

978 934 1075 963 questo
1107 928 1187 955 ardor
1205 927 1333 956 d'affetto
1363 936 1410 963 per
1436 927 1556 962 Firenze‚

978 972 1177 1008 Pimplacabile
1189 973 1296 1000 nemica
1311 972 1381 1000 dena
1395 981 1445 1000 sua
1457 972 1555 1008 pan-iai

979 1015 1220 1050 L'apprezzarono,
1248 1016 1364 1050 sembra,
1394 1015 1405 1042 i
1431 1015 1524 1052 priori,
1546 1014 1557 1042 i

980 1056 1053 1092 quali
1069 1065 1213 1092 proposero
1226 1065 1241 1084 e
1254 1057 1362 1084 vinsero
1373 1057 1418 1084 ne’
1431 1055 1556 1092 Consigli

980 1099 1032 1125 che
1042 1099 1067 1126 la
1076 1099 1212 1126 domanda
1226 1099 1271 1126 del
1285 1099 1381 1126 Manui
1395 1098 1467 1126 fosse
1479 1107 1557 1126 eau-

981 1140 1043 1173 dita‚
1063 1140 1216 1176 quand'egli
1230 1140 1399 1176 adempiesse
1414 1148 1431 1167 a
1447 1139 1558 1167 cen’ob-

980 1182 1066 1219 blighi
1084 1183 1241 1219 impostigli.
1289 1183 1444 1219 Raggiunto
1462 1184 1519 1210 cosl
1537 1182 1558 1210 il

981 1233 1030 1252 suo
1045 1225 1159 1257 intento,
1178 1233 1221 1252 ser
1239 1225 1338 1260 Iacopo
1361 1225 1433 1251 visse
1456 1232 1504 1260 per
1522 1223 1560 1251 al·

982 1268 1074 1303 quant’
1085 1268 1148 1293 anni
1166 1276 1183 1294 a
1201 1266 1319 1300 Firenze‚
1339 1267 1408 1293 assai
1429 1265 1558 1293 beneviso

983 1311 1008 1337 ai
1027 1312 1085 1337 suoi
1107 1311 1190 1336 nuovi
1216 1309 1407 1342 concittadini3
1427 1316 1507 1336 come
1527 1316 1559 1336 ce

982 1363 1017 1380 ne
1036 1353 1071 1379 da
1086 1353 1186 1379 indizio
1202 1351 1346 1379 manifesto
1361 1352 1387 1378 la
1399 1351 1495 1379 lettera
1507 1351 1559 1379 che

983 1395 1132 1432 nell’aprile
1146 1395 1188 1422 del
1207 1394 1273 1431 1386
1286 1396 1444 1422 scrivevano
1457 1394 1466 1421 i
1478 1394 1559 1429 priori

984 1439 1010 1466 al
1020 1437 1140 1465 cardinal
1151 1437 1257 1464 Marino
1269 1437 1400 1470 Bulcano,
1410 1436 1560 1464 camerario

983 1481 1055 1508 della
1065 1481 1165 1508 Chiesa
1173 1489 1179 1506 :
1190 1490 1204 1505 α
1211 1479 1373 1507 Audivimus
1381 1479 1560 1515 questionem,

986 1533 1000 1548 «
1011 1531 1063 1558 que
1079 1527 1174 1548 contra
1189 1521 1395 1548 dilectissimum
1409 1521 1499 1548 civem
1513 1528 1562 1547 no·

986 1574 1000 1589 «
1011 1569 1096 1591 strum
1111 1571 1154 1590 ser
1169 1563 1300 1590 Iacobum
1313 1562 1408 1588 Manni
1420 1562 1453 1588 de
1466 1561 1560 1594 Senis;

987 1615 1001 1630 «x
1012 1605 1078 1632 civis
1088 1604 1197 1640 quidem
1207 1610 1300 1630 noster
1311 1609 1352 1630 est
1360 1609 1419 1630 tum
1427 1602 1489 1638 lege
1501 1608 1560 1630 mm

986 1658 1001 1673 «x
1012 1647 1115 1674 diutino
1135 1646 1268 1679 incolatu;
1287 1645 1433 1672 occasione
1451 1644 1561 1672 solutio-

987 1689 1053 1716 nnis
1071 1697 1128 1715 non
1147 1687 1224 1720 facte,
1242 1686 1351 1723 quaudo
1371 1686 1497 1713 dominus
1511 1693 1563 1712 no-

989 1742 1003 1757 ιι
1010 1737 1064 1759 ster
1071 1731 1196 1758 obsessus
1201 1729 1316 1757 Lucerie
1321 1729 1470 1762 tenebatur,
1476 1727 1564 1754 extitit

988 1785 1003 1799 «
1014 1778 1097 1806 mota,
1110 1772 1192 1799 fuisse
1205 1770 1385 1798 mediantibus
1397 1764 1564 1806 paternitatis

989 1825 1003 1840 «
1013 1821 1102 1841 vestre
1129 1812 1264 1848 suffragiis
1294 1812 1367 1838 exitu
1395 1808 1564 1838 desiderabili

989 1867 1003 1883 α
1014 1857 1198 1884 terminatam.
1228 1854 1262 1882 de
1272 1862 1327 1890 quo
1338 1853 1446 1889 quidem
1458 1851 1565 1888 magni-

990 1910 1004 1925 «
1015 1898 1100 1926 tudini
1113 1903 1201 1925 vestre
1213 1897 1295 1932 digna
1306 1895 1448 1923 referimus
1460 1895 1564 1929 impen—

991 1952 1004 1967 α
1016 1942 1060 1968 dia
1078 1940 1225 1976 gratiarum
1237 1948 1269 1972 »3
1291 1938 1375 1965 Areh.
1395 1937 1422 1964 di
1442 1936 1519 1964 Statu
1535 1934 1564 1962 in

989 1984 1109 2016 Firenze‚
1122 1983 1191 2009 Miss.
1206 1989 1263 2016 reg.
1277 1988 1319 2013 20,
1334 1989 1358 2007 c.
1377 1978 1426 2014 176
1435 1987 1459 2006 n.
1495 1977 1566 2005 Mal-

990 2026 1075 2061 grado
1094 2030 1188 2060 questa
1205 2029 1344 2050 tenerezza
1363 2021 1509 2057 reciproca,
1526 2027 1565 2046 un

990 2068 1034 2095 bel
1047 2067 1073 2094 dl
1085 2068 1151 2102 pero
1166 2074 1210 2093 ser
1223 2066 1324 2101 racopo
1336 2072 1366 2091 se
1381 2071 1416 2090 ne
1427 2064 1565 2090 ritomava

990 2119 1005 2137 a
1024 2110 1116 2137 Siena.
1154 2107 1214 2135 Che
1234 2115 1297 2134 cosa
1314 2114 1403 2133 venne
1424 2105 1459 2132 nd
1483 2103 1566 2131 inter·

990 2159 1115 2188 rompere
1139 2151 1158 2177 il
1176 2159 1226 2177 suo
1255 2159 1270 2175 α
1284 2149 1403 2184 riposato
1426 2145 1566 2174 viveres?

991 2195 1074 2222 Forse
1093 2194 1119 2221 la
1145 2201 1240 2229 guerra
1266 2191 1406 2227 scoppiata
1430 2189 1476 2217 nel
1499 2188 1568 2224 1389

991 2244 1032 2265 tra
1051 2237 1160 2268 Firenze
1183 2245 1198 2263 e
1218 2236 1226 2262 i
1245 2234 1338 2262 Sanesi
1358 2233 1391 2260 ed
1409 2232 1429 2260 il
1446 2232 1534 2267 lungo
1552 2239 1568 2257 e

991 2285 1087 2306 tenace
1106 2278 1235 2305 strascico
1253 2276 1340 2308 d'od1,
1358 2273 1506 2302 abilmente
1529 2271 1568 2299 fo-

993 2321 1105 2349 mentati
1113 2321 1185 2347 dalla
1193 2319 1303 2356 politica
1311 2318 1338 2345 di
1346 2318 1382 2345 G.
1392 2316 1427 2344 G.
1433 2314 1569 2348 visconti,

994 2364 1037 2391 ch*
1048 2372 1107 2390 essa
1121 2362 1206 2390 lascio
1219 2367 1259 2388 tra
1271 2360 1296 2388 le
1309 2360 1361 2386 due
1371 2357 1568 2394 repubbliche?

994 2405 1112 2433 Difficile
1127 2404 1239 2431 sarebbe
1254 2402 1274 2430 il
1286 2401 1372 2434 dirlo;
1387 2406 1461 2427 ceno
1473 2400 1489 2426 ὲ
1503 2399 1570 2434 pem

994 2449 1045 2475 che
1062 2447 1107 2474 nel
1126 2445 1170 2483 '96
1185 2446 1204 2472 il
1216 2444 1311 2472 Manui
1324 2451 1408 2470 aveva
1423 2441 1572 2469 definitiva-
