1682 2762
73 872 114 898 10

75 1165 111 1198 ¹5

71 1453 114 1479 20

74 1745 114 1779 25

419 221 467 248 DI
499 222 762 252 COLUCCIO
792 223 1063 251 SALUTATI.
1276 226 1338 260 597

141 345 289 380 albatur?
333 358 372 380 an
397 346 527 380 densior
548 347 600 380 illa
623 349 759 392 nigredo
774 360 852 382 mox
869 348 1052 389 humorem,
1077 358 1112 382 ut
1135 348 1224 389 dicis,
1241 348 1340 382 subti-

144 404 224 438 lians
238 414 270 438 et
285 404 439 439 distillans
451 405 557 439 album
573 405 678 440 reddit
692 407 726 440 in
739 406 916 440 adustionis
933 406 1134 451 nigredinem
1147 407 1340 440 evasurum?

143 474 283 508 cumque
306 473 373 496 tota
397 463 501 498 fistula
525 464 603 498 albis
633 465 798 509 nigrisque
822 477 943 499 novem
970 466 1084 509 spaciis
1113 465 1338 509 distinguatur,

140 521 218 566 quid
249 522 387 565 primam
421 531 462 563 et,
494 532 529 556 ut
562 523 606 556 ita
639 523 760 567 loquar,
792 524 999 557 incutaneam
1031 523 1118 557 illam
1153 523 1339 567 particulam

141 579 287 614 humoris
321 579 531 614 rarificatione
563 580 712 615 dealbat?
780 580 921 626 quidque
952 590 1081 625 ceptum
1104 581 1248 615 humoris
1277 580 1338 614 albi

141 649 272 672 cursum
295 637 498 672 condensans
521 648 554 672 et
577 638 714 672 adurens
734 638 774 672 de
794 638 932 673 candido
952 638 1056 673 reddit
1075 639 1201 673 atrum?
1246 638 1339 673 crede

140 695 251 736 michi,
275 695 385 730 Guido
409 697 580 738 carissime,
605 708 681 731 cum
706 697 764 731 hec
787 699 855 731 sive
882 698 1047 742 proprium
1080 698 1148 731 sive
1171 698 1234 731 sint
1259 699 1339 731 acci-

140 753 232 794 dens,
251 754 373 788 nullam
393 754 508 788 habere
523 755 675 789 naturalis
691 756 815 800 agentis
834 754 936 789 forme
960 756 1012 790 vel
1031 757 1166 790 materie
1180 757 1338 790 rationem

140 821 174 847 et
188 813 422 847 necessitatem.
469 813 540 857 quis
555 814 644 847 enim
661 813 770 854 stellis,
784 825 839 847 cur
857 825 922 847 una
941 814 982 847 sit
999 814 1206 859 argyricolor,
1220 814 1339 859 chrisy-

141 870 231 905 color
242 871 350 912 altera,
369 871 462 905 aliam
480 883 558 906 vero
577 871 744 906 videamus
768 872 916 916 ignitam,
932 883 1042 905 veram
1060 882 1114 906 aut
1131 872 1339 906 verisimilem

141 929 351 974 assignaverit
383 940 524 971 causam,
555 941 631 964 cum
664 930 769 964 celum
794 930 1002 964 elementares
1034 930 1212 974 qualitates,
1241 942 1340 975 penes

139 997 220 1032 quas
249 987 355 1021 solent
383 987 529 1022 colorum
554 988 722 1022 varietates
750 987 917 1032 distingui,
940 988 1201 1022 constantissime
1234 987 1341 1022 dicant

140 1043 264 1089 physici
280 1056 348 1079 non
363 1045 501 1080 habere?
546 1045 682 1086 dimitte,
702 1057 823 1090 precor,
843 1046 922 1086 ista;
942 1055 1110 1090 totamque
1125 1045 1273 1090 physices
1293 1045 1340 1079 di-

140 1103 358 1148 sputationem
381 1103 525 1148 relinque
548 1103 694 1144 medicis,
718 1103 758 1137 de
787 1115 850 1149 qua
874 1103 972 1137 nimis
995 1113 1185 1149 presumunt
1209 1113 1240 1137 et
1270 1103 1339 1148 glo-

140 1161 270 1203 riantur,
285 1162 438 1206 cuiusque
464 1162 579 1195 veritas
602 1161 751 1196 nondum
775 1161 814 1196 ad
838 1161 996 1206 liquidum
1019 1162 1060 1195 sit
1082 1171 1216 1206 reperta.
1263 1162 1339 1195 s‘atis

141 1228 191 1254 est
201 1220 383 1265 uegociosis
395 1229 427 1254 et
439 1220 612 1264 occupatis,
624 1220 733 1264 quales
745 1231 870 1261 sumuS,
879 1219 1052 1254 moralibus
1066 1219 1223 1254 insudare.
1266 1220 1340 1254 inti·

141 1277 256 1312 tulavit
266 1278 453 1312 Aristoteles
468 1278 584 1312 librum
601 1278 689 1312 illum
706 1278 900 1312 naturalium
925 1279 955 1312 D
966 1291 983 1312 e
993 1278 1091 1323 phys
1102 1279 1110 1311 i
1121 1290 1166 1312 co
1190 1277 1339 1319 auditu,

141 1346 280 1371 monens
303 1336 384 1371 forte
407 1348 479 1378 neS,
500 1327 578 1371 'cum
597 1348 677 1382 pura
700 1337 740 1371 de
763 1336 879 1371 talibus
902 1337 1019 1371 veritas
1043 1348 1110 1371 non
1133 1338 1233 1381 possit
1256 1338 1339 1378 sciri,

141 1393 230 1440 quod
248 1405 287 1429 ea
300 1395 377 1429 satis
390 1395 431 1429 sit
449 1396 546 1430 etiam
566 1395 683 1430 horum
699 1395 939 1430 studiosissimis
954 1395 1111 1430 audivisse
1124 1396 1169 1429 (¹).
1216 1407 1293 1429 nam
1308 1405 1340 1429 et

141 1451 244 1493 Plato,
268 1453 350 1487 sicut
372 1452 500 1497 legitur,
523 1453 618 1487 huius
642 1453 792 1487 hereseos
818 1452 994 1494 studiosos,
1026 1464 1101 1487 cum
1126 1453 1340 1497 corporalium

141 1519 255 1544 nature
276 1521 404 1555 semper
421 1509 601 1552 intendant,
619 1510 832 1556 philosophos
846 1510 1054 1556 appellandos
1074 1523 1144 1545 esse
1156 1521 1265 1556 negat,
1282 1522 1339 1544 vo-

141 1567 212 1602 lens
234 1579 291 1602 eos
314 1568 463 1614 appellari
486 1581 554 1603 non
579 1568 802 1614 philosophos,
834 1569 891 1603 sed
914 1579 1003 1604 recto
1027 1569 1185 1603 vocabulo
1209 1569 1340 1614 pbilo-

143 1635 355 1668 somatos;
387 1638 506 1661 soma
535 1638 677 1672 namque
711 1636 900 1662 somatos
931 1639 1036 1672 grece,
1065 1627 1162 1662 latine
1192 1639 1340 1672 corpus

144 1694 203 1726 est,
226 1684 369 1730 philos
392 1696 518 1726 amor,
541 1686 631 1730 quasi
655 1686 870 1730 corporalium
893 1695 1052 1720 amatores
1064 1686 1109 1720 (²).
1155 1686 1243 1731 quod
1272 1686 1340 1731 qui-

145 1741 220 1777 dem
243 1742 362 1778 dixisse
381 1743 490 1785 velim,
505 1754 589 1778 nete
606 1754 748 1785 moveat,
766 1755 842 1778 cum
861 1756 895 1778 se
914 1744 1124 1789 philosophos
1144 1743 1262 1783 dicant,
1282 1756 1343 1778 no-

145 1801 243 1836 minis
259 1802 446 1842 reverentia,
471 1801 559 1847 quod
582 1802 659 1847 ipsis
682 1801 802 1843 videas,
827 1812 957 1836 auctore
981 1802 1249 1847 philosophorum
1272 1802 1342 1847 phi·

146 1858 296 1903 losopho‚
321 1859 457 1894 minime
481 1860 664 1894 convenire.
726 1860 808 1900 vale,
832 1861 881 1894 vir
903 1861 1038 1905 optime,
1061 1861 1124 1894 mei
1149 1871 1287 1900 memor,
1311 1869 1343 1894 et

147 1928 201 1952 me
217 1918 387 1952 communi
401 1917 445 1952 illi
463 1917 600 1952 domino
615 1918 846 1953 recommenda
865 1929 896 1953 et
915 1918 1111 1953 iussionibus
1129 1919 1198 1952 eius
1216 1917 1342 1953 offerto.

147 1975 319 2016 florentie,
342 1976 481 2021 septimo
501 1975 627 2011 kalend.
651 1978 740 2011 maii.

200 2102 222 2126 3.
232 2097 252 2119 Δ
266 2097 364 2126 inum!
379 2097 414 2119 ud
427 2097 485 2120 alb}-
500 2104 566 2128 ροισι
582 2102 604 2121 et
641 2097 671 2121 1²¹
689 2098 856 2127 dintinguantur
909 2106 935 2126 4.
951 2099 968 2120 Α
982 2100 1068 2121 mene
1081 2102 1104 2121 et
1160 2105 1182 2126 5.
1195 2098 1214 2120 A
1228 2098 1344 2121 dealbatur

144 2136 166 2160 6.
178 2136 197 2159 A
210 2137 322 2171 affinem
382 2144 417 2161 ιο.
431 2138 450 2160 Α
465 2138 587 2162 munile
643 2140 678 2163 18.
693 2140 711 2162 Α
726 2143 802 2169 ponet
857 2146 891 2162 ιι.
907 2140 925 2161 Α
940 2145 1009 2168 new
1063 2145 1102 2168 ²9·
1117 2138 1133 2161 A
1148 2138 1187 2166 vili

181 2263 225 2298 (ι)
252 2263 352 2292 Allude
381 2264 519 2301 all‘opera
547 2266 722 2294 Aristotelica

146 2307 265 2375 ζέικῆς
287 2305 451 2343 inperium,
470 2308 554 2335 divisa
572 2308 600 2336 in
618 2315 677 2337 otto
692 2309 723 2336 li-

181 2369 224 2427 ξι)
242 2391 329 2420 pm.
344 2392 436 2420 naa.
450 2392 524 2427 xm,
543 2393 591 2422 68:
612 2404 627 2419 «
638 2393 723 2420 aina.

770 2277 783 2292 ι
794 2268 880 2294 ἱκανόν
896 2277 934 2294 σοι
949 2268 1090 2302 τεκμήριον,
1101 2267 1158 2303 ἔφη,
1173 2265 1239 2294 τοῦτ’
1248 2268 1344 2303 ἀνδρὸς,

770 2319 784 2333 α
794 2310 820 2335 ὅν
835 2309 864 2334 ἄν
878 2308 933 2343 ἴδῃς
949 2309 1143 2345 ἀγανακτοῦντα
1156 2307 1272 2344 μέλλοντ’
1284 2310 1345 2336 ἀπο·

769 2361 783 2376 ι
794 2352 940 2383 Ξανιῗσδαι,
961 2353 999 2378 ὅτι
1023 2350 1075 2378 σῦκ’
1092 2350 1131 2387 ἆρ’
1148 2351 1178 2380 ἦν
1201 2352 1344 2387 φιλόσοφος,

770 2404 784 2419 α
795 2395 865 2420 ἄλλά
884 2403 920 2424 τις
940 2394 1115 2429 φιλοσώματος
1125 2404 1149 2421 ι.

1367 355 1393 387 a}
1408 354 1426 374 :i
1441 355 1508 375 arriv-
1522 361 1534 375 ι
1548 361 1581 387 ει.-

1366 387 1441 428 Εξὲιο
1451 382 1579 429 munus-l

1367 441 1396 462 go
1410 435 1430 455 al
1448 441 1498 455 nero
1517 442 1528 455 e
1545 436 1578 462 poi

1366 462 1492 509 ritqruidper
1511 468 1579 483 acom-

1367 495 1433 516 pmre
1481 488 1514 509 bel
1527 495 1580 510 nuo-

1366 522 1394 536 vo

1395 702 1421 722 Se
1435 707 1492 723 nmo
1502 703 1536 723 cib
1545 709 1580 723 u—

1367 735 1435 756 vengu
1444 735 1480 756 per
1489 736 1527 756 pro
1559 735 1579 749 e-

1367 757 1390 776 ta
1403 762 1417 776 ο
1431 762 1468 783 per
1477 757 1518 777 uei
1558 761 1580 776 te

1368 783 1433 803 since
1451 783 1579 810 inetplicabi-

1368 810 1396 833 le.
1417 816 1476 830 :ome
1496 810 1580 837 ine-pli-

1368 836 1434 857 abile
1456 837 1468 856 ὲ
1484 836 1505 857 la
1523 836 1580 857 diffe-

1367 868 1426 884 rente
1448 862 1580 884 color-:ione

1367 890 1419 910 delle
1433 889 1500 911 nene.

1408 1047 1467 1068 Luci
1499 1047 1581 1074 dunque

1367 1073 1437 1094 Guido
1456 1075 1476 1094 ai
1497 1074 1549 1094 fidei
1566 1073 1580 1094 il

1368 1101 1458 1128 disp-im·
1472 1101 1492 1121 di
1509 1106 1581 1128 queste

1367 1134 1416 1149 eoae
1438 1134 1449 1148 e
1470 1128 1509 1148 stin
1531 1134 1581 1148 con·

1367 1160 1426 1175 teuto
1437 1155 1462 1175 nd
1473 1155 1581 1182 occup-rui

1368 1182 1390 1202 dl
1414 1181 1504 1202 filo-ofin
1526 1187 1538 1202 e
1561 1181 1581 1202 di

1367 1208 1454 1230 morale.

1461 1288 1582 1313 intimen-

1367 1321 1400 1335 πη
1409 1314 1521 1336 Annwtele
1530 1319 1582 1335 ntes-

1366 1348 1391 1362 ao
1404 1349 1441 1369 par
1455 1341 1581 1366 confec-are,

1367 1375 1410 1390 non
1431 1369 1523 1390 ind-naon
1538 1375 1582 1389 cer·

1366 1401 1424 1416 tem
1450 1402 1542 1420 venum
1570 1402 1581 1416 e

1367 1422 1455 1443 Platone
1500 1422 1582 1443 ὼὶωὸ

1368 1449 1441 1470 coloro
1455 1449 1462 1470 l
1477 1449 1531 1476 quau
1552 1454 1582 1470 nt-

1367 1476 1458 1497 tendono
1465 1477 1581 1496 unicamen-

1367 1508 1387 1523 te
1401 1503 1427 1524 ad
1443 1503 1493 1528 enai.
1503 1509 1546 1523 non
1559 1502 1582 1522 fi-

1367 1529 1438 1554 locos.
1458 1536 1492 1550 m
1511 1529 1582 1550 filoto-

1367 1557 1426 1578 md.

1396 1864 1440 1885 Stia
1460 1870 1513 1885 uno
1530 1870 1542 1884 e
1561 1863 1583 1884 lo

1370 1891 1583 1924 meeonndlalGul-

1370 1925 1421 1947 mg».
