1682 2762
120 399 143 414 ce
158 399 202 413 non
216 398 330 419 contegun-

120 426 148 440 no
159 419 173 440 1¹
179 420 270 444 interum
286 425 330 446 per-

119 446 175 467 derln
189 451 249 470 tutta,
260 452 299 465 ove
309 446 329 465 di

121 479 168 493 esso
191 473 259 493 studio
287 479 329 492 non

119 500 222 527 prend-no
233 505 281 519 cun
295 505 329 519 ve-

120 533 177 548 rum.

147 553 180 573 Un
203 552 255 572 :lu-o
273 558 329 572 eom-

119 584 234 600 mentntore
266 579 329 598 emise

119 607 153 633 poi
170 605 282 652 l’oipinione
292 605 329 625 che

118 639 193 660 pecc-n
207 639 220 652 ο
264 639 274 652 r
294 638 328 651 ne-

119 659 213 686 gligenu
231 665 240 678 s
267 658 328 685 perd:

118 693 169 713 gran
197 690 252 713 purte
275 684 329 705 della

118 713 175 737 vii-3
196 712 254 744 quui
275 716 329 731 tutt-

119 745 141 759 κ
155 745 190 766 per
205 745 328 765 ignor-uzu

118 770 172 786 tutta
186 772 207 785 te
222 771 258 792 per
272 764 328 785 mnu-

117 799 156 812 ιιι.

145 853 179 874 Ma
187 854 213 873 ne
236 858 295 874 uesta
303 854 329 873 ne

117 880 153 900 un'
162 881 215 900 altr·
232 885 328 907 interpre-

117 908 199 927 taione
221 913 232 927 n
256 912 329 934 quesn

118 934 186 954 vicia:
199 940 252 954 tono
261 934 330 954 ,οάἀί-

118 960 211 985 sfncenti,

119 1201 187 1221 sict-,he
214 1205 331 1228 opportuno

119 1228 202 1248 nesciri
214 1232 295 1248 toccue
310 1228 330 1248 di

133 1255 188 1275 uella
198 1254 243 1278 che,
259 1261 270 1274 ι
284 1255 329 1281 giu-

118 1261 172 1302 dizio
186 1281 206 1301 di
221 1280 330 1306 Coluccio,

118 1308 156 1328 dee
166 1308 254 1328 credersi
266 1308 286 1328 1-
295 1314 330 1328 ve-

119 1341 150 1356 n.

146 1361 196 1381 Fine
213 1361 267 1381 deun
285 1361 330 1382 filo-

119 1387 172 1408 sofi:
185 1394 196 1408 e
211 1387 265 1408 della
275 1387 330 1408 vimi

120 1414 198 1435 monle
221 1421 274 1434 :ono

121 1440 200 1462 Seneca
213 1441 233 1461 1³
247 1441 332 1462 medita-

123 1468 183 1488 tione
197 1468 221 1488 ed
231 1467 245 1488 il
256 1467 331 1495 dlsprc-

119 1493 156 1521 3lo
171 1494 225 1515 della
239 1499 313 1517 morte.

359 263 422 297 252
786 256 1122 285 EPISTOLARIO

358 397 424 419 non
448 383 684 428 proficientium
719 381 838 415 scilicet
870 393 929 416 nec
960 381 1185 425 attingentium
1211 380 1312 414 finem
1334 392 1442 422 suum,
1469 393 1549 426 quo-

356 445 446 477 niam
461 442 524 476 hoc
543 441 708 484 contingat
726 449 792 473 tam
811 439 896 473 male
910 438 1209 484 philosophantibus
1221 451 1318 484 quam
1330 439 1402 480 illis,
1413 440 1467 484 qui
1481 451 1548 473 non

357 501 434 536 dent
446 511 576 544 operam
589 498 802 543 philosophie.
849 497 982 532 subiecit
1009 512 1026 528 σε
1053 512 1070 527 *
1097 511 1114 527 ιι
1139 506 1170 531 et
1186 497 1263 532 alios
1276 508 1399 539 sensus,
1410 509 1548 542 quorum

355 570 439 594 unus
454 567 502 592 est
521 569 673 601 magnam
689 557 754 590 vite
769 564 892 600 partem
908 556 970 590 labi
989 556 1088 590 nichil
1100 556 1278 600 agentibus,
1288 556 1370 590 idest
1388 557 1504 590 ociosis
1517 566 1548 591 et

355 616 560 662 peccantibus
578 627 633 660 per
653 615 899 659 negligentiam;
919 615 1060 648 maxima
1078 626 1150 658 pars
1167 615 1230 648 vite
1245 615 1326 658 perit
1344 614 1548 658 peccantibus

355 686 411 718 per
429 674 664 718 ignorantiam;
689 681 756 706 tota
774 683 853 706 veto
878 672 1082 716 peccantibus
1110 683 1166 716 per
1185 672 1356 706 maliciam.
1401 673 1457 717 qui
1479 673 1548 717 qui-

356 732 428 766 dem
450 743 560 766 sensus
579 731 697 765 iudicio
717 742 792 765 meo
807 742 874 764 non
893 730 1042 764 satisfacit
1060 731 1191 771 auctori,
1203 731 1257 774 qui
1278 730 1414 764 dixerat:
1435 731 1549 776 turpis-

355 791 438 824 sima
455 799 565 824 tamen
587 790 704 823 iactura
728 798 786 829 est,
806 800 868 833 que
891 800 947 833 per
969 788 1199 833 negligentiam
1222 788 1258 822 fit
1269 788 1314 822 (¹).
1361 788 1495 822 subiecit
1514 799 1549 823 et

356 849 486 882 tertium
508 858 650 888 sensum,
665 848 734 881 imo
757 847 927 891 resumpsit
950 847 1059 887 istum,
1075 846 1199 880 dicens:
1225 847 1367 880 maxima
1389 858 1462 891 pars
1484 847 1548 881 vite

357 905 490 940 elabitur
523 905 690 949 agentibus
725 916 781 949 per
810 904 940 944 luxum;
977 915 1096 948 magna
1119 915 1191 948 pars
1214 904 1279 938 vite
1303 904 1472 948 agentibus
1495 916 1551 949 per

357 964 607 1008 negligentiam;
622 972 690 997 tota
704 964 769 997 vita
781 963 915 997 elabitur
930 962 1098 1007 agentibus
1113 963 1239 996 vitiose.
1285 962 1400 1007 quibus
1419 962 1550 1007 quidem

353 1021 462 1057 ,verbis
487 1033 563 1056 cum
594 1029 767 1056 contrastet
791 1030 910 1061 auctor,
936 1018 1007 1065 qui,
1026 1030 1062 1054 ut
1084 1020 1235 1061 diximus,
1258 1032 1276 1053 a
1295 1020 1407 1054 morali
1424 1020 1551 1054 vitiosi-

358 1088 424 1114 tate
448 1079 591 1114 distinxit
614 1079 758 1113 ociosam
782 1079 1025 1123 negligentiam,
1040 1078 1108 1112 sive
1130 1077 1244 1111 luxum
1268 1087 1299 1111 et
1323 1078 1550 1122 ignorantiam,

357 1148 431 1182 que,
456 1148 531 1171 cum
553 1137 631 1171 vitia
658 1138 732 1178 sint,
757 1138 831 1171 satis
855 1146 1000 1181 possunt,
1023 1137 1091 1170 imo
1116 1135 1233 1170 debent
1255 1137 1289 1170 in
1323 1136 1440 1170 ultimo
1464 1147 1551 1171 com-

357 1194 511 1239 prehendi
519 1194 564 1236 (ὓς
573 1204 716 1239 superest
728 1204 763 1228 ut
775 1194 815 1227 ad
826 1205 968 1235 sensum,
976 1205 1075 1239 quem
1084 1194 1287 1227 verissimum
1298 1193 1552 1235 arbitror,venia·

358 1265 442 1294 mus,
455 1265 511 1298 pro
529 1255 618 1288 cuius
634 1253 764 1298 quidem
780 1253 941 1287 intellectu
956 1253 1096 1298 quedam
1111 1253 1290 1286 necessario
1302 1252 1454 1298 prefanda
1465 1262 1550 1287 sunt.

358 1300 361 1303 ”
446 1311 608 1355 Principio
639 1310 770 1356 quidem
793 1310 873 1346 scire
908 1310 1063 1344 debemus
1085 1309 1186 1344 finem
1218 1310 1421 1355 philosophie
1444 1321 1551 1344 mora-

357 1368 458 1413 lisque
481 1370 605 1403 virtutis
629 1370 786 1403 Senecam
804 1368 999 1402 intellexisse
1017 1368 1261 1402 meditationem
1281 1378 1313 1402 et
1328 1377 1552 1413 contemptum

359 1427 484 1468 mortis,
506 1426 594 1471 quod
617 1428 692 1471 quia
714 1426 833 1471 patebit
855 1426 986 1460 inferius
1019 1438 1087 1460 non
1118 1426 1266 1460 ostendo.
1313 1426 1440 1468 deinde,
1464 1426 1552 1472 quod

359 1496 391 1520 et
414 1487 558 1531 superius
588 1487 690 1531 attigi,
714 1487 778 1520 vite
801 1495 929 1531 tempus
953 1486 1045 1520 bonis
1069 1495 1165 1531 atque
1189 1486 1281 1520 malis
1304 1495 1410 1520 totum
1440 1498 1550 1521 excur-

414 1597 432 1612 1.
448 1589 485 1612 Μ2
497 1596 540 1619 per
554 1589 639 1612 scilicet
654 1590 685 1612 dd
699 1590 737 1612 sed
792 1597 813 1613 ι.
829 1589 867 1612 Μ2
880 1592 967 1612 omette
981 1596 1026 1612 non
1082 1596 1104 1620 3.
1114 1589 1198 1612 Manca
1212 1590 1237 1612 ίη
1251 1591 1308 1612 tutti
1320 1590 1404 1613 ieodd.
1413 1590 1433 1612 il
1440 1593 1552 1619 sog-genn

360 1630 400 1653 del
412 1631 479 1653 verbo
493 1630 602 1658 subiecit,
613 1631 656 1653 che
665 1630 778 1653 dom-ebbe
787 1636 873 1659 essere,
884 1637 898 1652 ο
908 1636 1015 1659 expresso
1024 1632 1182 1659 apertamente
1192 1636 1206 1652 ο
1214 1633 1344 1652 acc-ennato
1353 1636 1396 1652 con
1406 1629 1550 1659 uqquidam,

358 1670 377 1692 il
383 1676 450 1692 nome
461 1670 539 1698 difrlt
549 1670 675 1693 Domenico
683 1670 714 1692 da
724 1670 831 1694 Peccioli.
885 1678 910 1698 4.
926 1670 1031 1698 Vmagne
1039 1671 1072 1698 (t)
1114 1669 1134 1692 P
1149 1674 1206 1698 pm.
1221 1669 1266 1692 vite
1302 1669 1338 1692 Μ’
1352 1669 1411 1692 elabi
1423 1669 1454 1692 ed
1466 1672 1551 1692 omem

357 1710 425 1732 nichil
467 1709 497 1732 L²
508 1710 537 1732 L3
548 1710 586 1733 Ls
594 1711 631 1732 Me
641 1713 759 1733 omettono
769 1710 825 1733 idest
881 1717 903 1739 5.
913 1709 943 1732 L²
954 1717 993 1739 per
1003 1711 1062 1739 negl.
1070 1717 1135 1739 pecc.
1171 1709 1207 1732 M²
1218 1710 1264 1732 vite
1274 1717 1325 1738 pars
1379 1711 1424 1739 5-6.
1439 1710 1551 1732 Van-ene

356 1751 413 1780 perit
423 1763 434 1768 -
444 1758 499 1773 vero
513 1758 526 1773 e
540 1752 613 1774 scrive
628 1751 684 1773 elnb.
699 1757 761 1779 pecc.
776 1758 815 1779 pes
829 1751 882 1773 mal.
922 1751 960 1773 LS
967 1757 1013 1779 per
1026 1751 1160 1779 correzione
1171 1753 1284 1779 pretenta
1298 1751 1375 1773 invece
1388 1751 1451 1773 della
1465 1751 1551 1779 legione

356 1791 424 1820 degli
436 1792 497 1813 altri
510 1798 563 1814 mss.
578 1792 619 1813 che
632 1791 711 1820 prima
722 1797 817 1819 νει-ἀνα,
828 1792 851 1813 Ia
863 1794 992 1821 seguente:
1004 1792 1125 1814 maximnm
1135 1795 1220 1820 partem
1231 1790 1277 1813 vite
1286 1791 1359 1820 perire
1367 1797 1381 1813 e
1387 1791 1471 1820 paccio
1479 1795 1550 1814 totum

357 1837 378 1860 7.
387 1831 424 1853 Μ2
432 1835 491 1853 auct.
501 1837 545 1853 non
554 1831 626 1854 satisf.
661 1831 778 1853 Vdisserat
833 1832 855 1854 8.
864 1830 899 1853 Μ’
911 1832 971 1860 dopo
980 1831 1033 1854 inct.
1043 1831 1103 1854 duva
1113 1835 1188 1854 tumen
1197 1831 1224 1853 di
1231 1837 1314 1859 nuovo,
1326 1831 1405 1860 masa
1412 1831 1550 1854 cancellato.

356 1870 392 1893 M²
407 1871 488 1894 subicit
560 1878 583 1901 9.
598 1873 616 1894 V
625 1879 669 1900 per
681 1871 728 1894 imo
742 1878 852 1900 resumps.
869 1878 925 1894 reca
943 1868 1006 1895 amo?
1021 1872 1116 1901 sumpoit
1129 1880 1142 1895 e
1155 1873 1239 1902 quintii
1256 1873 1331 1895 scrive
1347 1867 1476 1894 dice—noum
1493 1871 1547 1900 (uic)

358 1918 391 1934 10.
406 1910 437 1933 L²
452 1918 488 1940 ng.
503 1911 578 1940 elab.;
595 1912 619 1934 in
633 1911 663 1934 Li
679 1911 774 1940 agentib.
791 1918 880 1935 omesso
894 1913 933 1935 nel
941 1915 1002 1935 testo
1012 1913 1049 1942 su
1063 1913 1185 1942 aggiunto
1198 1913 1223 1934 in
1238 1913 1347 1942 margine
1357 1912 1388 1934 da
1398 1913 1462 1935 altra
1471 1918 1549 1935 mano.

358 1959 390 1975 n.
400 1951 430 1974 L³
441 1952 480 1975 vit.
491 1959 527 1980 ag.
599 1959 632 1975 12.
655 1953 674 1974 V
687 1957 808 1975 conti-astat
840 1953 906 1975 Tum·
918 1954 929 1975 ι·
940 1953 1005 1977 codd.
1020 1956 1137 1976 omettono
1151 1953 1203 1982 qui,
1218 1954 1261 1976 che
1269 1953 1307 1982 su
1320 1953 1444 1982 aggi'uneo
1457 1953 1489 1976 da
1503 1953 1548 1975 Me.

357 1998 430 2021 12-13.
445 1991 480 2014 Μ2
496 1999 552 2015 mor.
567 1992 676 2015 viciosum
690 1993 848 2021 negligentiam
863 1993 988 2016 viciositnte
997 1993 1050 2016 dist.
1106 2000 1144 2021 ¹4-
1161 1993 1234 2016 Vvita
1293 1992 1366 2016 16.L³
1377 1992 1414 2015 Μ’
1424 1993 1549 2016 necessari·

354 2032 374 2054 Ρ
387 2035 470 2054 omette
485 2038 570 2055 necess.
611 2031 641 2055 L²
657 2037 708 2056 sunt
723 2033 779 2063 pref.
838 2040 873 2062 ¹7-
883 2033 920 2056 Μ’
935 2033 1095 2063 philosophice,
1106 2040 1144 2056 ma
1158 2034 1195 2055 l'a
1205 2034 1237 2062 fu
1246 2036 1348 2056 cassato.
1405 2033 1440 2056 18.
1450 2032 1487 2055 Μ’
1497 2039 1549 2056 con-

353 2078 444 2094 sensum
524 2079 558 2102 ¹9·
581 2071 611 2094 Ι.2
633 2073 673 2095 inf.
688 2078 733 2102 pat.
779 2074 799 2096 V
809 2074 925 2096 ostendam
971 2074 1006 2096 VR
1019 2074 1116 2104 denique
1197 2080 1273 2103 ¹9·²0-
1288 2074 1350 2103 qnod
1363 2075 1398 2103 et]
1418 2073 1436 2095 V
1447 2073 1502 2103 quid
1515 2077 1548 2096 est

353 2118 389 2134 ao.
404 2111 440 2134 Μ2
452 2119 497 2141 per
510 2117 533 2135 et
547 2113 577 2135 άὰ
591 2113 658 2135 etiam
722 2120 760 2136 πο.
774 2113 812 2136 M2
826 2114 887 2143 dopo
901 2114 966 2137 malis
979 2114 1011 2137 dis
1025 2114 1108 2137 labitur
1121 2117 1227 2144 upum.

353 2227 367 2242 αι
379 2217 452 2245 hanc
466 2218 626 2254 opinionem
640 2219 804 2255 improbabit
822 2220 926 2248 Colu-

352 2269 366 2284 α
380 2260 445 2287 tius
466 2260 494 2288 in
516 2262 688 2297 sequentibus
701 2273 725 2290 ».
768 2263 835 2290 Cosl
854 2264 927 2291 BAR-

349 2309 432 2335 zizzA,
446 2311 489 2339 op.
505 2312 520 2330 e
533 2304 585 2331 loc.
602 2305 656 2340 cit„
669 2306 719 2332 che
735 2306 844 2333 confuta
858 2308 925 2342 pero

348 2344 366 2371 il
387 2345 570 2373 domenicano
593 2347 681 2374 anche
703 2357 751 2383 per
766 2355 846 2376 conto
864 2358 924 2376 suo.

384 2386 427 2420 (1)
447 2387 733 2423 Quest'esplicazione
752 2391 767 2416 ὲ
789 2390 851 2417 data
875 2399 925 2426 pur

347 2435 407 2454 essa
426 2427 461 2455 da
479 2428 519 2455 fra
537 2429 706 2464 Domenico;
725 2431 760 2458 cf.
779 2432 923 2468 Bmxzza,

971 2229 1016 2257 op.
1036 2223 1080 2249 cit.
1098 2230 1120 2249 c.
1144 2229 1227 2257 1123,
1245 2221 1265 2249 il
1282 2221 1361 2258 quale
1383 2221 1471 2250 molto
1489 2230 1548 2249 sec·

972 2270 1094 2292 camente
1113 2273 1147 2292 ne
1166 2265 1240 2292 dice:
1268 2274 1283 2289 α
1295 2272 1347 2300 que
1365 2264 1460 2300 opinio
1477 2263 1547 2291 nihil

971 2317 986 2333 α
999 2308 1072 2335 valet
1086 2318 1110 2335 n.

1005 2348 1048 2384 (2)
1068 2348 1110 2376 Cf.
1130 2349 1273 2381 BuzrzzA,
1300 2357 1344 2385 op.
1369 2357 1384 2376 e
1408 2349 1460 2376 loc.
1485 2349 1544 2377 cin:

970 2401 984 2416 α
998 2391 1120 2418 similiter
1133 2397 1173 2418 est
1183 2391 1369 2427 improbanda,
1383 2391 1447 2427 quia
1458 2399 1546 2419 mem·

970 2443 985 2458 α
998 2433 1045 2460 bra
1063 2433 1219 2460 coincidunt
1231 2443 1256 2461 ».

937 2531 968 2538 b

1582 908 1621 932 10

1575 1202 1625 1241 5¹5,

1579 1492 1622 1516 20
