1696 2782
155 535 274 556 S'ammetn
288 542 336 562 pure

129 562 259 582 ch'emnmbi
283 562 336 582 εἰς·

128 589 212 608 cordine
227 589 259 608 nel
276 589 335 615 riget-

127 619 170 635 tnre
192 616 240 642 ogni
263 615 335 635 dileno

127 642 229 666 semunle;
251 648 282 662 mu
303 642 333 661 nel

126 673 180 688 resto
203 668 332 688 dlasentouo:

126 704 166 730 egli
185 705 267 731 insegue
285 704 334 724 Οἰο-

125 737 196 755 unna,
224 735 293 757 questa
314 731 334 751 lo

125 756 192 783 fugge.

148 936 223 956 Pei-che
249 936 330 963 dunque

122 969 143 995 oe
154 963 211 983 deun
225 964 236 982 ὲ
243 963 330 990 pudici:-

122 996 184 1036 ἵζ”ἒξι
194 996 330 1043 2350522’2‘3}

121 1049 194 1063 aneon
201 1043 210 1062 ἶ

146 1167 166 1187 0
189 1172 264 1194 quanto
287 1175 329 1188 me·

119 1194 162 1221 glio
183 1194 264 1226 farebbe
278 1201 288 1214 ι
303 1195 329 1214 ri-

119 1225 188 1240 tomm-
195 1228 215 1240 m
223 1228 244 1241 se
254 1226 328 1245 stesso,

119 1347 131 1360 ι
136 1340 216 1387 ἧιῇςίεε
224 1342 230 1361 i
238 1341 285 1362 lud
293 1342 326 1362 ne'

120 1374 172 1394 quui
187 1375 197 1388 s
207 1368 300 1395 nvolge,

130 1453 216 1472 usando
244 1460 266 1474 er
276 1455 325 1474 tuni

116 1458 186 1505 i'gndi
197 1460 324 1506 dellhmooe,

368 289 411 322 44
785 281 1129 311 EPISTOLARIO

365 409 654 455 importunitatibus
675 408 859 452 adepturus;
875 406 960 441 unde
979 416 1116 447 tanturn,
1133 407 1195 440 nisi
1217 405 1371 451 deciperis
1390 419 1408 441 a
1423 416 1455 441 te
1474 407 1556 452 ipso,

364 469 446 502 solet
463 479 554 501 amor
573 467 611 500 de
630 466 754 500 duobus
774 478 875 499 unum
894 465 1019 499 efficere
1038 474 1071 498 et
1089 464 1357 499 vicissitudinaria
1375 474 1556 500 commuta-

363 527 451 560 tione
465 526 597 559 alterum
608 526 640 558 in
653 524 787 558 alterum
803 523 1036 557 transformare.
1083 535 1171 563 nam,
1186 523 1325 564 tametsi,
1337 533 1373 557 ut
1387 523 1444 557 tibi
1458 523 1557 558 fatear

363 584 448 628 quod
465 595 530 616 non
548 583 683 616 creditur
698 594 756 616 nec
774 582 879 622 credo,
896 581 980 615 velle
996 590 1139 615 vestrum
1155 593 1258 615 unum
1275 582 1327 622 sit,
1342 591 1378 616 ut
1395 581 1480 616 inter
1495 593 1555 617 vos

362 641 495 674 omnino
519 650 619 674 cesset
639 640 787 674 naturalis
811 640 863 673 ille
887 638 1087 683 suscipiende
1106 639 1203 683 prolis
1219 638 1362 681 affectus,
1377 651 1435 684 per
1449 649 1555 675 cetera

361 700 496 732 nimium
516 698 695 732 dissentitis.
743 708 776 731 tu
797 698 883 731 illam
902 698 1057 742 sequeris;
1077 697 1129 730 illa
1148 707 1181 731 te
1199 697 1300 742 fugit3
1319 707 1354 732 tu
1373 697 1413 732 de
1437 698 1490 732 illa
1506 699 1553 732 lo-

359 758 473 801 queriS,
489 757 615 797 clamas,
631 757 769 797 insanis;
785 756 837 790 illa
853 756 892 790 de
910 765 942 790 te
961 768 1020 789 nec
1039 756 1180 800 loquitur
1194 767 1254 789 nec
1270 766 1368 790 curat.
1415 766 1461 798 tu,
1478 768 1555 791 cum

358 815 444 848 illam
463 815 583 859 aspicis,
604 814 750 855 dilataris,
770 814 889 858 gaudes
908 823 940 848 et
961 814 1101 854 exultas;
1121 813 1173 847 illa
1195 825 1287 855 vero,
1308 826 1384 848 cum
1402 824 1434 849 te
1453 814 1554 856 videt,

357 873 509 914 turbatur,
522 874 758 918 constringitur,
771 874 905 917 spernit;
919 883 954 907 ut
969 873 1090 906 nedum
1107 874 1247 907 vicissim
1264 883 1296 908 te
1311 875 1470 908 intuendo
1485 887 1553 910 non

357 931 537 975 respondet,
557 931 612 965 sed
633 931 744 965 oculos
767 941 864 975 negat
887 942 973 965 suos.
1020 932 1046 965 si
1066 931 1125 964 hec
1149 931 1264 966 dilecta
1288 942 1355 974 tua,
1379 941 1415 966 ut
1432 934 1551 978 inquis,

357 988 511 1033 pudicicie
530 989 638 1023 lumen
662 999 693 1023 et
718 989 824 1029 decus,
848 990 916 1033 ipsa
935 989 1049 1023 dicitur
1065 999 1098 1023 et
1112 989 1292 1034 predicatur
1315 990 1480 1032 honestas,
1496 1003 1552 1026 cur

358 1046 395 1080 ab
419 1047 486 1091 ipsa
509 1047 650 1091 publicos
675 1058 780 1080 mores
804 1056 835 1080 et
858 1046 989 1081 affectus
1026 1047 1272 1082 honestissimos
1296 1060 1365 1083 non
1390 1049 1552 1084 addiscis?

358 1116 397 1137 an
420 1104 500 1138 forte
524 1116 585 1148 que
604 1104 788 1138 mulieribus
804 1105 941 1139 honesta
961 1115 1036 1139 sunt
1051 1117 1156 1150 queve
1174 1105 1313 1140 feminas
1332 1106 1458 1149 decent,
1481 1119 1551 1142 ma·

356 1161 441 1195 ribus
460 1174 526 1196 non
546 1163 742 1196 conveniunt
761 1172 793 1196 et
811 1172 886 1196 sunt
905 1164 978 1196 viris
995 1163 1126 1197 forsitan
1143 1164 1338 1198 inhonesta?
1382 1177 1405 1199 o
1427 1175 1551 1210 quanto

357 1220 479 1260 melius,
510 1221 555 1253 mi
579 1221 759 1265 peregrine,
782 1231 855 1255 tuos
879 1233 1116 1266 recognoscens
1140 1234 1274 1263 errores,
1298 1223 1339 1257 ad
1362 1223 1551 1258 honestiora

356 1286 386 1310 te
411 1287 576 1312 convertes
599 1288 630 1312 et
656 1290 717 1323 que
741 1279 810 1312 sine
834 1279 897 1313 ulla
921 1280 1099 1324 suspitione
1129 1280 1233 1315 cordis
1262 1281 1418 1326 impudici
1445 1291 1550 1327 potes,

355 1336 420 1369 imo
451 1336 555 1377 debes,
581 1337 721 1382 diligere,
743 1337 875 1382 incipies
907 1338 1062 1372 honestus
1093 1340 1215 1373 amare!
1267 1340 1401 1384 laqueus
1424 1350 1473 1375 est
1495 1341 1548 1376 hic

353 1405 442 1427 amor
460 1403 545 1435 tuus,
559 1406 624 1439 quo
641 1395 680 1428 ad
695 1395 748 1429 illa
763 1395 904 1436 traheris,
919 1408 983 1440 que
1002 1408 1069 1430 non
1094 1397 1208 1439 credis,
1231 1406 1263 1432 et
1280 1398 1369 1443 quod
1395 1399 1548 1434 omnibus

352 1461 473 1485 constat
497 1452 580 1486 credi
604 1464 670 1487 non
701 1454 758 1487 vis.
804 1455 945 1498 quinque
968 1464 1043 1488 sunt
1063 1455 1191 1489 amandi
1215 1456 1300 1490 linee
1323 1458 1391 1492 sive
1409 1458 1545 1503 gradus:

526 1516 607 1543 Visus
625 1523 652 1543 et
669 1516 828 1552 alloquium,
848 1523 990 1545 contactus
1009 1525 1036 1545 et
1054 1518 1157 1552 oscula,
1176 1519 1279 1547 factum
1289 1520 1338 1553 (¹);

350 1567 434 1601 unde
459 1568 588 1603 Flaccus
612 1579 720 1603 noster
743 1569 782 1603 de
806 1571 923 1604 osculis
946 1571 1082 1615 loquens
1105 1573 1165 1606 ait:

1019 1643 1071 1670 que
1090 1635 1185 1663 Venus

524 1677 627 1709 Quinta
645 1683 718 1713 parte
738 1678 780 1705 sui
799 1679 916 1706 nectaris
936 1679 1034 1707 imbuit
1044 1679 1088 1708 (ἓ).

403 1762 420 1778 ι.
436 1756 492 1779 Cod.
502 1756 520 1779 si
530 1757 616 1786 decipis
625 1758 656 1780 ed
665 1761 750 1780 omette
761 1763 847 1781 tantum
890 1759 913 1781 6.
924 1759 980 1782 Cod.
992 1759 1098 1782 dissentis
1142 1767 1164 1790 9.
1176 1761 1232 1784 Cod-
1243 1762 1396 1791 eonstingitur
1439 1763 1544 1799 1⁶:601.

346 1801 488 1819 converteres
543 1798 575 1821 18.
590 1799 643 1821 Cod.
658 1799 718 1828 dopo
732 1800 805 1822 eredis
819 1800 850 1821 dd
865 1806 921 1827 nec,
936 1801 979 1822 che
989 1801 1020 1823 Ιιο
1034 1803 1125 1824 mutato
1142 1802 1168 1823 in
1188 1806 1210 1824 et
1227 1808 1272 1831 per
1291 1804 1382 1832 melier
1401 1804 1443 1826 via
1461 1804 1485 1826 Ιὰ
1501 1804 1544 1828 ἀυ-

962 1869 1014 1890 Pon
1027 1869 1094 1890 visum
1109 1870 1182 1895 ήπιιιι,
1197 1875 1245 1897 pont
1257 1870 1323 1891 dm
1337 1871 1394 1892 nni!
1407 1871 1430 1892 h
1442 1878 1512 1898 un,

380 1865 423 1900 (1)
442 1860 462 1892 E
485 1866 505 1893 il
528 1867 616 1902 primo
635 1876 713 1895 verso
733 1869 757 1896 d’
766 1878 801 1895 un
820 1869 917 1897 distico
961 1904 977 1924 P
1004 1909 1012 1924 ι
1102 1909 1179 1925 mm
1229 1910 1249 1925 n
1263 1910 1341 1926 netum
1356 1906 1413 1927 mm
1427 1906 1450 1927 in
1463 1911 1533 1928 m

978 1911 1003 1924 os
1027 1911 1088 1924 mum
1181 1919 1187 1929 ,
1200 1912 1228 1932 po
1535 1922 1543 1932 ,

345 1907 501 1941 medievale,
522 1909 571 1935 che
589 1909 608 1936 il
634 1910 662 1937 S.
680 1916 763 1938 trasse
786 1911 858 1939 forse
882 1913 916 1940 da

345 1948 422 1975 Giov.
433 1949 460 1975 di
474 1950 618 1987 Salisbury,
632 1952 649 1978 il
662 1952 741 1988 quale
756 1953 784 1980 lo
805 1954 856 1981 cita
871 1955 915 1982 nel

342 1990 433 2018 Policr.
452 1992 497 2018 lib.
516 1992 562 2026 VI,
581 2002 637 2029 cap.
658 2002 736 2022 xxm.
778 1996 799 2023 11
819 1996 915 2024 distico

342 2032 428 2059 intero
445 2033 465 2060 si
481 2034 560 2069 legge
579 2037 624 2071 poi
638 2036 740 2064 altrove
754 2046 804 2065 con
819 2038 915 2066 alcune

340 2075 467 2109 varianti;
487 2079 542 2104 cosi
562 2087 608 2113 per
627 2087 662 2107 es.
678 2080 723 2107 nel
742 2081 802 2109 cod.
818 2082 913 2116 ZQQ,

339 2116 374 2150 D,
393 2125 436 2152 71,
457 2128 480 2146 c.
500 2127 547 2154 233
569 2129 596 2153 A,
616 2121 686 2149 della
706 2122 860 2151 Comunale
885 2125 912 2151 di

339 2158 475 2187 Palermo:

338 2198 399 2220 Vim
414 2205 435 2221 et
448 2201 568 2230 ulloquium,
578 2208 652 2229 tactus,
668 2210 715 2232 post
725 2207 798 2227 oscula
811 2207 896 2233 raecum,

337 2231 385 2253 Isti·
399 2234 485 2262 quinque
495 2237 561 2257 modis
574 2238 653 2264 speeie·
662 2239 769 2266 signantur
778 2242 863 2263 moria.

338 2274 381 2301 Un
394 2276 562 2306 rifacimento
576 2281 620 2315 piu
631 2282 707 2308 tardo
721 2291 752 2309 ce
765 2292 799 2310 ne
813 2286 827 2310 ὲ
843 2293 911 2312 con-

335 2323 440 2344 servato
458 2320 530 2347 nella
548 2328 610 2349 nota
630 2324 747 2351 raccolta
766 2326 855 2361 Nugae
869 2336 909 2354 vc-

336 2359 400 2386 nalcs
419 2362 468 2388 sive
488 2363 612 2391 thesaurus
635 2366 732 2393 ridendi
753 2369 780 2394 ῥ’
798 2369 908 2403 iocandi,

335 2400 458 2436 Londini,
483 2412 619 2439 nocem-1,
645 2417 668 2443 p.
693 2416 743 2444 47;
774 2411 886 2439 Versu
895 2421 908 2439 s

333 2441 471 2471 leonini
497 2446 536 2473 de
561 2455 694 2477 amore:

960 1938 1011 1959 Post
1025 1944 1092 1959 aarum
1107 1938 1193 1964 fuctum,
1208 1944 1255 1966 pon
1269 1939 1347 1960 funum
1356 1940 1436 1967 penitet
1450 1945 1528 1964 mun.

961 1987 1066 2019 Queste
1084 1988 1191 2015 curiose
1206 1989 1383 2016 suddivisioni
1398 1989 1541 2026 risalgono

959 2028 1002 2055 del
1015 2034 1088 2056 resto
1101 2030 1135 2056 ad
1150 2031 1194 2057 eti
1207 2030 1296 2057 molto
1311 2037 1426 2064 remota,
1439 2031 1540 2066 perche

956 2070 983 2098 le
996 2071 1103 2098 ricorda
1118 2072 1163 2108 gia
1178 2072 1328 2100 Porfirione
1342 2072 1388 2100 nel
1397 2081 1449 2100 suo
1465 2081 1540 2101 com·

957 2120 1052 2141 mento
1066 2114 1092 2142 al
1105 2114 1191 2150 luogo
1207 2121 1281 2142 sotto
1295 2115 1378 2142 citato
1393 2116 1539 2144 d'Orazio:

957 2166 972 2181 κ
982 2156 1137 2193 Eleganter,
1163 2158 1226 2193 quia
1250 2159 1278 2185 in
1303 2159 1423 2195 quinque
1448 2164 1539 2196 parte·

957 2209 972 2224 α
982 2201 1084 2227 amoris
1103 2201 1203 2228 §nictus
1221 2210 1280 2229 esse
1295 2203 1410 2238 partitus
1424 2202 1539 2231 dicitur:

957 2252 971 2267 α
982 2243 1051 2276 visu,
1065 2243 1203 2279 adloquio,
1215 2250 1300 2277 tactu,
1313 2245 1418 2278 osculo,
1434 2253 1538 2273 concu-

955 2294 970 2310 α
981 2285 1038 2312 bitu
1049 2295 1072 2312 n.
1111 2285 1155 2312 Cf.
1174 2286 1307 2315 Aeacius
1317 2287 1343 2316 ἃ
1355 2286 1537 2315 Ponmmo-

953 2335 1000 2354 ms
1024 2327 1209 2356 Commentarii
1227 2331 1254 2356 in
1274 2330 1310 2364 Q.
1328 2330 1396 2357 Hor.
1412 2330 1466 2363 ΡΙ..
1490 2330 1535 2357 ed.

954 2369 1082 2404 HauthaL
1090 2371 1218 2404 Berolini‚
1227 2379 1406 2406 uncccmv,
1415 2372 1436 2406 1,
1447 2380 1505 2408 52-5
1511 2381 1535 2408 3.

988 2413 1030 2447 (2)
1051 2413 1164 2441 Ηοιυιτ.
1191 2414 1280 2442 Car-m.
1305 2415 1326 2448 1,
1351 2422 1415 2448 xm,
1447 2415 1534 2451 15-16.

953 2454 1030 2491 Oggi
1049 2455 1057 2482 i
1075 2457 1286 2485 commentator-i
1312 2457 1427 2493 spiegun
1445 2458 1535 2486 diver—

1583 948 1624 973 10

1580 1242 1618 1275 15
