1682 2762
114 696 162 717 Non
187 696 241 716 ἀθεεὶ
266 695 300 715 nb-

87 723 157 744 busnr
183 723 203 743 ln
228 723 300 750 poesin

88 751 113 771 nd
133 751 257 770 istrumento
280 749 300 768 di

88 777 152 797 lucro.

114 932 172 953 Elevi
186 932 266 959 dunque
280 931 300 951 la

87 966 124 980 sun
138 963 206 979 mente
223 965 235 978 e
250 964 299 978 con-

87 986 158 1012 templi
177 985 192 1005 il
212 984 299 1005 sublime

86 1013 155 1033 uffieio
170 1012 190 1032 di
201 1017 253 1035 essa,
262 1011 299 1031 :he

86 1044 144 1060 sotto
154 1038 200 1059 velo
211 1043 299 1058 nttrnen-

86 1071 108 1086 te
122 1066 142 1086 di
157 1065 176 1085 le
192 1065 260 1092 giudi-e
268 1065 299 1084 in-

87 1093 159 1114 venzio
196 1091 239 1112 cela
252 1097 299 1118 pro-

86 1119 145 1151 fqndl
158 1119 299 1145 insegnamen-

87 1151 111 1170 u,

89 1400 147 1415 come
181 1393 299 1414 testimonia

88 1421 176 1441 l'esnme
190 1420 222 1440 del
237 1421 299 1447 virgi-

88 1447 144 1468 limo
158 1454 239 1474 poema,

88 1683 108 1703 in
131 1682 164 1703 cui
184 1689 221 1703 οτι
241 1681 259 1702 ι’
269 1682 299 1702 in-

88 1716 151 1737 segnn
180 1716 192 1729 n
218 1708 300 1736 regular

88 1737 228 1763 saggiameute
279 1735 300 1755 Ιι

87 1763 170 1790 propriu
190 1763 299 1788 esisteuza,

326 254 390 287 230
745 251 1090 280 EPISTOLARIO

327 379 578 413 inextimabilem
602 388 634 413 et
663 379 805 413 divinam
833 379 1059 413 vilissimarum
1087 391 1194 414 rerum
1225 381 1359 425 aucupio
1391 381 1517 415 duxeris

327 437 550 471 adhibendam.
598 448 639 471 an
662 449 729 470 non
753 437 807 470 tibi
827 446 942 471 notum
966 438 1152 472 Persianum
1175 438 1268 472 illud:

611 513 693 545 Quod
709 514 731 540 si
746 513 834 540 dolosi
853 522 914 549 spes
933 513 1064 540 refulserit
1082 515 1185 541 nummi

610 563 718 590 Corvos
737 568 831 597 poetas
850 569 877 589 et
892 563 1025 598 poeti-idas
1041 563 1112 598 picas

612 611 730 638 Cautare
746 611 840 638 credas
855 612 1012 647 pegaseium
1028 611 1114 639 melos
1125 611 1174 645 (¹);

328 698 373 731 ut,
397 689 464 722 sive
484 689 546 723 hoc
569 689 688 723 ironice
709 689 828 723 dictum
854 689 895 723 sit
917 689 984 723 sive
1003 701 1058 734 per
1076 690 1361 734 interrogationem
1385 691 1519 734 legatur,

327 747 373 780 sic
391 756 426 780 ut
442 747 571 791 negatio
595 758 653 791 pro
676 748 885 791 responsione
911 747 1074 788 subdatur,
1091 747 1268 792 intelligere
1287 757 1433 792 oporteat
1451 759 1518 781 non

326 816 396 839 esse
419 806 527 850 precio
555 805 771 850 poetandum3
803 806 850 839 sin
875 815 982 839 autem
1014 815 1120 839 totum
1152 805 1340 840 affirmative
1363 815 1519 847 sumatur,

326 864 456 896 nonnisi
487 873 597 907 poetas
633 865 822 897 crocitantes
852 873 887 897 ut
917 875 1033 897 corvos
1071 873 1125 897 aut
1155 864 1328 907 garrientes
1365 872 1400 897 ut
1432 865 1518 908 picas

326 921 559 955 mercenarium
583 921 698 955 habere
722 930 853 955 cantum
876 929 964 954 vates
988 921 1040 954 ille
1064 920 1222 955 diffiniat?
1268 921 1358 955 eleva
1373 931 1517 955 mentem

326 979 432 1023 igitur,
447 979 492 1011 mi
513 978 685 1020 Iohannes,
705 988 736 1012 et
758 979 883 1023 poesim
899 979 987 1023 quasi
1005 979 1044 1018 de
1067 978 1205 1023 quadam
1222 979 1372 1012 altissima
1392 978 1518 1012 dicendi

326 1036 519 1070 sublimitate
538 1037 664 1078 mirare,
683 1049 744 1081 que
769 1036 905 1070 modum
929 1048 1063 1070 omnem
1090 1036 1281 1070 elocutionis
1304 1046 1518 1082 ornatumque

326 1094 564 1134 transcendens,
581 1094 705 1128 litterali
729 1094 867 1139 quadam
892 1094 1088 1128 iocunditate
1112 1094 1256 1129 sensibus
1276 1094 1425 1129 humanis
1439 1095 1518 1129 allu-

326 1151 416 1192 dens,
440 1151 633 1196 figmentum
660 1152 788 1196 aliquod
811 1163 869 1196 pro
898 1152 1021 1186 inclusa
1044 1153 1174 1186 veritate
1198 1152 1356 1196 pretendit
1373 1162 1428 1186 aut
1450 1162 1515 1187 tro-

326 1209 475 1254 pologice
509 1211 697 1243 narrationis
726 1211 879 1254 mysterio
911 1222 1017 1244 mores
1047 1210 1161 1244 edocet
1186 1211 1237 1244 vel
1269 1211 1359 1255 quasi
1390 1222 1518 1245 sursum

327 1267 447 1301 ducens
466 1268 643 1312 anagogice
667 1268 815 1302 dictionis
839 1268 969 1302 oraculo
988 1278 1107 1302 statum
1127 1277 1236 1302 eterne
1254 1268 1424 1310 felicitatis,
1439 1268 1518 1303 dum

327 1325 411 1359 aliud
435 1325 561 1359 videtur
582 1326 728 1367 innuere,
742 1325 924 1370 prefigurat,
944 1335 979 1359 ut
998 1326 1058 1359 hec
1077 1326 1187 1359 omnia
1209 1336 1319 1370 poetas
1344 1326 1518 1360 celebrasse

327 1382 524 1417 manifestius
535 1384 724 1417 innotescat.
771 1385 848 1428 quid
857 1384 960 1418 voluit
972 1385 1167 1418 Mantuanus
1180 1394 1290 1418 noster
1299 1386 1459 1418 Iunonem
1470 1385 1518 1418 in-

327 1441 446 1475 ducens
462 1441 608 1475 umbram
624 1442 711 1476 Enee
726 1443 864 1486 pugnaci
875 1443 1001 1483 Turno,
1016 1444 1098 1476 sicut
1117 1444 1151 1476 in
1174 1443 1330 1476 decimo
1348 1443 1464 1487 legitur
1472 1443 1518 1484 (²),

327 1499 490 1540 obtulisse,
509 1500 570 1533 nisi
591 1500 684 1544 plane
708 1499 801 1534 nobis
820 1501 992 1544 vestigium
1017 1500 1145 1545 aliquod
1167 1501 1344 1545 relinquere
1367 1501 1517 1541 veritatis,

328 1569 402 1591 cum
431 1557 544 1591 certior
574 1557 715 1601 hystoria
741 1557 957 1591 indubitanter
979 1566 1085 1591 teneat
1112 1558 1234 1591 Eneam
1257 1558 1399 1592 secundo
1423 1557 1519 1599 bello,

326 1614 413 1659 quod
433 1615 574 1656 Turnus,
595 1615 772 1649 coniunctis
797 1616 948 1649 Mezentii
969 1625 1000 1649 et
1019 1616 1228 1649 Etruscorum
1246 1615 1376 1657 viribus,
1397 1617 1518 1650 Latinis

326 1673 490 1714 indixerat,
503 1673 656 1707 occidisse
665 1675 678 1707 Ρ
687 1674 722 1700 (³)
767 1673 845 1718 quid
859 1673 946 1707 idem
959 1683 1047 1708 vates
1060 1674 1192 1715 Eneam,
1206 1683 1318 1718 utpote
1330 1674 1436 1708 virum
1447 1686 1519 1719 per-

326 1730 536 1764 fectissimum
561 1731 762 1772 celebrando,
777 1731 910 1776 intelligi
930 1731 1042 1772 voluit,
1068 1743 1153 1773 curn,
1168 1731 1334 1765 submerso
1354 1732 1518 1774 Palinuro,

326 1788 400 1822 fecit
418 1788 525 1833 ipsum
549 1801 666 1822 navem
685 1801 795 1834 regere
815 1799 846 1823 et
870 1789 970 1830 clavo,
992 1789 1071 1823 dum
1095 1790 1238 1834 magistri
1255 1789 1339 1823 subit
1362 1789 1518 1832 officium,

326 1846 469 1880 inherere
478 1846 523 1887 (⁴),
542 1847 602 1880 nisi
622 1856 729 1881 nostre
753 1847 936 1881 directionis
952 1857 984 1881 et
997 1847 1061 1881 vite
1078 1847 1324 1881 saluberrimum
1340 1847 1519 1882 documen-

326 1913 408 1945 tum,
424 1913 459 1938 ut
473 1916 532 1938 nos
552 1905 623 1948 ipsi,
634 1905 782 1939 videlicet
801 1915 982 1938 nostrarum
998 1904 1203 1938 voluntatum
1222 1906 1334 1945 simus,
1347 1914 1518 1949 postquam

326 1963 496 2007 magistros
519 1962 751 2007 reliquerimuS,
774 1963 972 1997 directores?
1025 1963 1115 1997 navis
1138 1963 1235 2004 enim,
1260 1975 1322 2007 qua
1348 1974 1405 2007 per
1430 1973 1518 1996 mare

326 2020 484 2061 vehimur,
500 2030 644 2054 nostram
666 2021 824 2065 significat
843 2021 1052 2062 voluntatem,
1072 2032 1144 2065 qua,
1161 2021 1253 2054 sicuti
1277 2021 1350 2054 navi
1367 2020 1517 2065 quadam,

326 2078 359 2111 in
373 2087 496 2112 nostras
508 2077 638 2112 ferimur
652 2079 802 2112 actiones.
846 2088 887 2119 et,
896 2079 987 2112 sicuti
1005 2090 1145 2123 expanso
1161 2079 1305 2112 velorum
1318 2078 1399 2120 sinu,
1416 2081 1516 2120 navis,

326 2147 391 2180 quo
411 2145 526 2170 ventus
545 2136 715 2181 impulerit,
739 2137 866 2181 rapitur,
891 2137 936 2171 sic
959 2148 1086 2170 currens
1110 2145 1219 2170 nostra
1237 2136 1386 2170 voluntas
1409 2136 1518 2180 primis

381 2266 403 2289 5.
418 2259 474 2283 Cod.
488 2266 608 2289 pegaseum
662 2266 701 2288 24.
716 2260 772 2283 Cod.
787 2260 896 2289 palinuro

362 2368 404 2403 (1)
423 2368 503 2396 Pizus.
523 2368 575 2396 Sat.
594 2369 691 2397 Prol.
713 2376 808 2403 12-14.

362 2409 403 2445 (2)
424 2410 468 2438 Cf.
487 2411 576 2439 Vane.
590 2411 655 2439 Aen.
667 2412 702 2446 X,
715 2411 845 2447 636-660.

979 2370 1021 2406 (3)
1041 2369 1084 2397 Cf.
1104 2369 1169 2398 Trr.
1189 2369 1252 2397 Liv.
1270 2370 1338 2398 Hist.
1357 2370 1377 2403 1,
1393 2377 1423 2397 n.

978 2411 1020 2448 (4)
1039 2412 1129 2440 Vane.
1148 2413 1211 2440 Aen.
1230 2411 1265 2445 V,
1284 2411 1398 2447 867-68.

1545 617 1563 651 5

1549 932 1589 957 10

1549 1220 1588 1254 15

1546 1509 1588 1533 20

1546 1798 1586 1831 25

1546 2086 1588 2119 30
