1696 2782
116 399 179 420 uuu-
188 399 256 419 infmi
265 405 302 426 po-

91 432 138 447 teve
154 425 264 452 nwenirgli
283 425 302 445 di

92 454 127 481 piu
134 453 203 473 fausto
208 452 246 472 ebe
253 458 302 472 con-

91 487 163 530 ἔῖξῒέ,
171 478 302 533 ἐξῃὲᾛὲἰ

91 539 178 554 verena·
200 539 242 552 non
269 532 303 558 gu

92 567 128 587 per
137 559 156 579 1·
165 559 244 585 dignita
253 565 301 578 con-

93 587 180 613 sessuiu,

189 707 209 722 k

93 805 126 819 ma
135 805 169 825 per
178 798 197 818 le
205 798 258 818 virtu
265 796 302 817 che

92 826 114 846 lu
129 825 177 852 ogni
196 829 264 850 tempo
280 823 301 843 lo

92 858 161 873 renero
175 851 251 871 chiam.

119 975 186 998 Iddio,
193 974 230 995 :he
238 975 249 994 ὲ
256 973 302 995 {on-

93 1006 112 1022 te
126 1002 146 1022 di
162 1002 212 1028 ogni
231 1005 302 1021 nostro

92 1033 175 1053 mento,

95 1436 116 1456 di
137 1436 170 1456 cui
188 1436 223 1456 noi
241 1436 306 1456 simo

96 1462 202 1494 uolt-nm-
244 1462 306 1483 docili

96 1494 210 1513 nmmerm,

329 271 372 304 94
745 260 1090 290 EPISTOLARIO

329 391 425 425 nichil
445 391 530 423 enim
551 389 736 431 contingere
754 387 858 430 potuit
879 386 934 420 tibi
955 385 1058 418 maius
1082 394 1176 428 atque
1199 382 1332 424 felicius,
1352 395 1450 427 quam
1472 384 1524 417 in-

329 450 437 483 venire
461 448 640 486 dominum,
669 457 735 478 non
760 444 865 477 dicam
889 453 975 476 tante
1000 442 1172 486 dignitatis,
1197 441 1285 475 cuius
1309 441 1420 475 titulus
1443 451 1521 475 con·

329 507 423 550 tingit
438 506 542 544 etiam,
557 513 591 537 ut
606 502 764 542 videmus,
778 501 930 545 indignis,
944 500 999 534 sed
1015 500 1086 534 talis
1100 509 1252 543 tanteque
1268 499 1393 532 virtutis
1404 508 1523 543 quante

330 563 454 598 difficile
473 563 513 596 sit
533 562 629 595 alium
648 561 792 604 reperire.
839 558 934 592 habet
954 558 1041 591 enim
1061 556 1271 591 cardinalatus
1290 567 1414 590 nomen
1433 567 1522 590 com-

331 633 428 655 mune
452 631 525 654 cum
549 619 667 660 multis,
687 618 875 662 dignitatem
900 626 1008 650 autem
1032 616 1169 650 omnino
1192 627 1266 649 cum
1289 616 1408 659 paucis,
1454 627 1525 649 non

329 680 470 724 sequitur
493 677 642 722 equidem
666 676 803 721 dignitas
833 675 971 715 titulum,
995 674 1051 708 sed
1075 673 1291 707 rationabilius
1319 673 1386 717 ipse
1413 673 1523 708 titulus

330 737 526 781 dignitatem.
572 736 627 779 qui
651 735 677 768 si
701 735 876 778 contingat,
901 742 937 767 ut
963 744 1038 777 sepe
1061 732 1154 772 solet,
1177 731 1339 776 indigum,
1363 731 1445 765 sicut
1468 731 1521 766 de-

330 795 424 829 clarat
435 794 623 834 immeritos,
635 793 680 825 sic
696 804 763 826 non
775 791 871 825 efficit
883 791 998 836 dignos
1009 791 1053 824 (¹).
1101 789 1255 834 dignitate
1267 789 1399 847 q'uidem
1411 798 1443 823 et
1454 800 1523 823 me-

328 853 395 886 ritis
410 861 482 885 ante
498 850 690 896 episcopales
708 849 822 883 infulas
835 858 866 883 et
882 861 959 882 mox
973 857 1008 882 ut
1023 849 1055 882 in
1068 857 1226 882 maturam
1239 847 1380 882 ascendit
1393 856 1523 888 etatem,

330 911 426 944 etiam
441 909 608 954 plusquam
627 908 791 942 cardinalis
807 907 879 948 fuit,
894 916 1006 951 utpote
1025 917 1100 940 cum
1115 905 1283 939 virtutibus
1307 906 1373 939 eius
1397 905 1523 940 nullum

329 968 503 1012 temporale
522 968 672 1001 meritum
691 967 789 1010 possit
808 977 876 999 esse
893 967 1063 1008 coequ'um.
1110 975 1199 1004 nam,
1216 963 1290 997 licet
1307 963 1458 1008 quicquid
1476 972 1524 997 est

330 1036 362 1060 et
384 1025 533 1070 quicquid
560 1025 655 1058 habet
678 1024 831 1068 acceperit
862 1023 900 1056 ab
927 1022 981 1056 illo
1001 1031 1087 1066 patre
1107 1022 1278 1063 luminum,
1299 1033 1318 1055 a
1340 1032 1406 1066 quo
1425 1033 1524 1055 omne

331 1084 441 1118 datum
470 1083 630 1127 optimum
657 1091 690 1116 et
713 1093 811 1116 omne
835 1081 958 1114 donum
983 1080 1160 1124 perfectum
1188 1079 1387 1114 descendens
1411 1088 1468 1120 est,
1492 1087 1526 1113 et

331 1142 372 1175 ob
396 1141 428 1175 id
452 1153 518 1174 non
541 1140 611 1180 sibi,
631 1140 686 1173 sed
710 1140 753 1173 ilh'
777 1139 898 1184 spiritui
922 1147 954 1172 et
984 1138 1027 1172 illi
1050 1138 1186 1182 principi
1205 1138 1290 1179 Deo,
1313 1137 1368 1182 qui
1385 1148 1441 1182 per
1463 1147 1524 1171 nos

332 1208 363 1233 et
385 1201 420 1233 in
446 1199 538 1232 nobis
563 1199 672 1232 omnia
701 1209 763 1242 que
792 1196 939 1238 facimus,
962 1197 1030 1230 imo
1060 1195 1164 1230 facere
1193 1196 1352 1236 videmur,
1376 1203 1526 1240 operatur

332 1267 364 1292 et
386 1257 469 1298 facit,
489 1257 598 1291 ascribi
618 1257 731 1290 debeat
738 1268 747 1298 ;
767 1256 997 1290 nichilominus
1014 1254 1068 1288 illa
1090 1254 1216 1288 infinita
1233 1263 1266 1288 et
1287 1255 1450 1288 immensa
1468 1253 1526 1288 bo-

332 1316 426 1356 nitas,
443 1327 505 1360 que
522 1315 574 1349 dat
590 1315 753 1349 affluenter
772 1314 899 1348 cuilibet
917 1325 976 1347 nec
996 1313 1191 1357 improperat
1210 1312 1296 1346 bona
1313 1312 1443 1353 suimet,
1461 1323 1525 1356 que

332 1374 418 1408 solus
445 1375 511 1419 ipse
540 1373 614 1407 fecit
641 1374 675 1407 in
705 1372 798 1407 nobis
826 1384 884 1407 sua
915 1372 1009 1406 nobis
1035 1371 1232 1416 benignitate
1254 1379 1447 1406 remunerat.
1492 1379 1526 1405 et

333 1444 407 1466 cum
429 1443 483 1476 per
506 1442 566 1465 nos
589 1439 750 1465 transeant
768 1430 867 1464 veluti
890 1442 946 1474 per
970 1431 1195 1470 instrumenta,
1219 1441 1260 1463 ex
1282 1441 1322 1463 eo
1345 1428 1435 1474 quod
1456 1439 1526 1463 non

332 1488 498 1523 deficimus
521 1501 578 1523 sue
601 1489 699 1532 gratie
723 1487 811 1522 dono
831 1487 869 1521 ab
889 1487 958 1522 eius
980 1487 1053 1532 lege
1076 1496 1108 1520 er
1131 1486 1171 1520 ab
1193 1487 1262 1521 eius
1285 1485 1447 1531 operantis
1470 1497 1526 1531 op-

331 1549 411 1581 tima
427 1547 601 1586 voluntate,
619 1557 693 1580 cum
711 1557 879 1590 possemus
898 1557 955 1590 per
974 1545 1191 1589 nosmetipsos
1215 1545 1254 1579 ab
1277 1544 1361 1579 illius
1381 1543 1526 1578 armonie

333 1605 541 1639 consonantia
561 1604 732 1645 dissonare,
749 1604 870 1638 nedum
888 1612 1084 1645 remunerat,
1099 1603 1156 1638 sed
1175 1603 1273 1648 digna
1291 1602 1366 1637 facit
1384 1603 1526 1637 humane

385 1710 408 1732 9.
423 1701 453 1724 L¹
468 1703 528 1730 eplas
542 1701 621 1724 influus
678 1707 711 1723 η.
726 1699 756 1723 L¹
771 1701 857 1730 accepit

332 1795 414 1830 lunga
423 1794 523 1827 lettera,
533 1794 716 1821 conservataci
727 1792 772 1820 dal
782 1792 842 1820 cod.
852 1793 907 1820 Ma-

332 1837 465 1873 gliabech.
476 1837 510 1870 11,
520 1837 539 1870 I,
547 1836 589 1870 64,
598 1846 619 1863 c.
627 1845 659 1873 93
668 1845 692 1870 Β,
699 1845 746 1872 per
756 1836 906 1872 rallegrarsi

333 1888 406 1913 seco,
414 1880 643 1915 raccomandargli
655 1879 679 1906 la
692 1880 777 1914 patria
788 1888 802 1906 e
812 1879 906 1915 proffe-

332 1921 405 1956 rirgli
412 1922 420 1948 i
427 1922 515 1956 propri
521 1921 627 1956 servigi.
647 1921 693 1947 Ma
701 1921 718 1947 il
727 1921 842 1947 Reatino
850 1929 907 1956 pre—

333 1963 390 1996 feri,
401 1963 513 1995 sembra,
523 1963 651 1998 scegliere
667 1963 746 1999 quale
758 1964 904 1998 segretario

333 2014 350 2032 o
361 2006 519 2032 cancelliere
529 2006 547 2032 il
561 2006 593 2032 da
604 2006 718 2041 Moglio,
726 2005 775 2032 che
787 2006 815 2032 lo
829 2006 904 2032 Zam-

332 2048 437 2075 beccari
447 2048 488 2075 del
500 2054 571 2075 resto
582 2048 615 2074 da
628 2048 696 2075 leale
705 2049 795 2074 amico
804 2057 860 2074 non
871 2048 905 2074 ri-

332 2089 414 2115 finiva
425 2089 451 2115 di
467 2090 708 2125 raccomandargli,
721 2098 800 2116 come
811 2095 906 2117 attesta

334 2132 399 2158 altra
409 2140 456 2158 sua
469 2131 560 2159 lettera
574 2132 598 2158 al
613 2132 758 2165 cardinale,
771 2133 799 2159 in
811 2132 854 2159 cui
865 2137 906 2159 tra

334 2173 402 2200 altro
416 2174 563 2210 leggiamo:
577 2184 592 2199 «
603 2174 766 2201 Bemaldum
779 2175 811 2202 R.
821 2175 850 2201 P.
861 2183 906 2201 ve-

335 2225 348 2240 «
363 2221 415 2242 stre
443 2225 505 2243 cum
533 2217 609 2243 omni
634 2216 765 2244 effusione
793 2225 906 2252 precum

335 2267 349 2283 α
363 2258 553 2286 cordialissime
567 2259 796 2292 commendarem,
806 2259 856 2286 nisi
862 2268 905 2286 ve-

336 2309 349 2324 α
364 2305 445 2326 stram
464 2300 496 2328 R.
515 2301 545 2328 P.
563 2301 664 2327 nedum
685 2301 905 2333 Bononiensium,

338 2351 351 2365 «
364 2342 408 2368 sed
424 2347 592 2369 externorum
614 2343 750 2370 novissem
770 2343 906 2370 assiduam

337 2393 350 2407 «
365 2385 553 2418 promotricem
569 2395 597 2418 »3
616 2385 673 2412 cod.
691 2386 726 2418 V,
745 2385 773 2418 F,
789 2393 819 2420 37
835 2385 907 2412 della

337 2426 403 2452 Naz.
418 2427 444 2452 di
461 2427 571 2462 Napoli‚
589 2436 612 2454 c.
633 2436 694 2455 20A
713 2429 834 2463 (1395?).

987 1793 1028 1827 (ι)
1048 1793 1078 1819 Si
1097 1792 1237 1819 direbbero
1250 1791 1352 1819 calcate
1365 1800 1447 1827 sopra
1461 1799 1526 1828 que*

951 1841 990 1862 ste
1009 1835 1035 1861 le
1053 1834 1195 1861 riflessioni
1219 1834 1272 1860 che
1292 1833 1477 1860 l'aseunzione
1499 1832 1526 1860 nl

952 1876 1116 1904 cardinalatu
1142 1876 1170 1903 di
1202 1876 1354 1903 Francesco
1387 1875 1526 1902 Zabarella

950 1920 1066 1955 ispirava
1086 1919 1210 1955 parecchi
1229 1919 1293 1946 anni
1313 1918 1388 1954 dopo
1410 1926 1426 1944 a
1444 1918 1474 1945 P.
1493 1918 1525 1945 P.

950 1961 1095 1997 Vergerio:
1122 1971 1136 1986 α
1151 1961 1266 1993 Deinde,
1291 1969 1354 1988 cum
1379 1960 1438 1987 sine
1462 1959 1526 1988 ullis

952 2014 966 2029 α
979 2004 1154 2031 exterioribus
1173 2003 1349 2035 ornamentis„
1366 2002 1427 2030 solo
1439 2002 1526 2038 splen-

953 2047 1044 2074 «dore
1070 2046 1189 2074 nominis
1215 2052 1240 2073 et
1267 2045 1396 2081 opinione
1419 2044 1524 2072 virtutis

952 2099 966 2115 «
981 2089 1111 2116 latissime
1126 2088 1254 2121 nosceris,
1265 2096 1338 2115 nunc
1350 2087 1399 2114 sub
1411 2086 1526 2122 insigni-

952 2143 967 2158 «
980 2133 1030 2159 bus
1049 2132 1186 2167 dignitatis
1205 2130 1309 2163 latebis,
1331 2138 1400 2166 quae
1423 2129 1526 2157 multos

953 2185 967 2200 «
980 2173 1125 2209 aliquando
1144 2173 1348 2208 indignissimos
1366 2172 1394 2198 in
1412 2179 1445 2198 ea
1463 2179 1528 2198 con·

952 2227 966 2242 «
981 2217 1086 2243 stitutos
1099 2221 1272 2247 ornaverunt,
1281 2214 1304 2241 si
1316 2213 1398 2241 modo
1408 2213 1526 2248 dignitas

952 2269 966 2283 «
981 2263 1021 2285 est
1040 2266 1109 2294 quae
1128 2257 1249 2293 pervenit
1273 2256 1307 2283 ad
1333 2256 1460 2291 indignos
1479 2261 1526 2282 aut

954 2311 968 2326 κ
982 2305 1142 2327 ornamenta
1161 2299 1214 2326 dici
1233 2305 1376 2331 merentur,
1399 2306 1467 2333 quae
1485 2298 1526 2324 in·

953 2353 968 2368 «
981 2343 1140 2379 dignitatem
1149 2342 1206 2369 eius
1215 2342 1244 2368 in
1257 2350 1311 2377 quo
1324 2347 1387 2368 sunt
1396 2339 1525 2376 cognosci

954 2385 1125 2417 «faciunt»;
1152 2385 1182 2411 P.
1214 2385 1246 2411 P.
1275 2383 1415 2410 VERGERH
1443 2382 1524 2418 Epist.

952 2437 977 2463 p.
997 2428 1021 2460 8,
1039 2436 1068 2454 u.
1085 2435 1134 2454 vu.

1553 922 1594 946 10

1555 1207 1593 1242 ¹5

1551 1491 1596 1517 20
