1682 2762
79 975 120 1000 ΚΟ

81 1359 118 1392 ¹5

78 1649 122 1674 20

427 234 476 261 DI
504 233 771 263 COLUCCIO
804 234 1078 263 SALUTATI.
1284 237 1343 270 511

148 370 212 405 ego
235 370 314 394 vero
338 370 406 394 non
441 359 547 394 video.
604 370 636 394 te
669 360 801 405 quidem
825 370 857 394 et
881 361 985 394 amavi
1009 370 1041 395 et
1064 372 1150 403 ame,
1173 372 1234 395 nec
1260 361 1348 406 quod

147 417 238 452 aliter
263 417 392 452 credere
417 418 533 453 debeas
556 418 696 464 aliquam
716 428 746 453 te
766 418 953 453 crediderim
971 431 1082 453 veram
1100 431 1194 465 posse
1217 419 1348 455 reddere

145 476 316 511 rationem.

213 534 279 569 Sed
294 534 358 568 iam
374 533 434 569 hec
451 535 534 569 inter
548 546 609 570 nos
629 537 728 570 nimia
743 546 829 570 sunt.
876 535 1003 581 depone
1020 537 1234 582 suspitionem
1253 537 1347 580 hanc,

147 593 194 626 mi
218 593 394 634 Iohannes,
417 603 449 627 et
473 603 576 628 certus
599 594 642 628 sis
659 605 677 627 a
695 605 749 628 me
773 594 872 628 amari
896 604 929 628 et
951 594 1126 629 amandum
1150 606 1231 637 esse,
1251 596 1348 630 etiam

146 651 176 685 si
198 650 299 686 michi
324 652 506 685 constiterit
535 651 623 696 quod
655 663 708 686 me
737 663 804 686 non
835 664 934 686 ames.
981 662 1015 687 tu
1042 664 1095 686 me
1126 653 1224 687 velim
1249 664 1348 695 ames,

148 709 210 744 nisi
229 718 260 743 te
279 708 396 743 videris
412 721 479 744 non
492 710 602 744 amari.
653 721 729 744 nam
743 722 817 744 cum
834 710 919 744 firmi
932 711 992 744 sim
1008 711 1164 756 propositi
1177 721 1208 746 te
1222 723 1350 756 semper

147 778 267 809 amare,
290 779 359 802 non
382 777 495 802 metuo
518 767 607 813 quod
624 780 677 803 me
700 780 769 803 non
793 780 893 803 ames.
940 769 1022 803 vale.
1070 769 1242 812 Flet-enne,
1254 770 1349 804 tertio

147 825 219 861 idus
242 826 328 860 maii.

726 965 768 1000 X.

360 1043 390 1077 A
413 1042 585 1078 Grovamu
609 1043 835 1078 Conmsmo
859 1053 906 1077 nA
930 1043 1140 1078 Rivnnmm.

549 1128 596 1164 [Α,
615 1137 639 1156 c.
658 1135 717 1162 aiu
734 1127 783 1162 N‘,
802 1137 826 1156 c.
847 1129 946 1165 ¹33³]

434 1212 572 1247 Iohanni
597 1213 810 1247 conversano
833 1212 873 1248 de
897 1214 1062 1249 Ravenna.

219 1304 373 1328 -mmusm
397 1292 505 1335 debes,
528 1294 577 1328 vir
598 1294 746 1339 insignis,
769 1293 865 1328 frater
887 1303 919 1328 et
949 1295 1051 1328 amice
1071 1295 1247 1337 karissime,
1271 1308 1349 1342 qua-

236 1352 308 1386 liter
341 1360 448 1386 tecum
484 1362 678 1397 conquestus
711 1364 785 1386 sum
823 1364 926 1387 unum
962 1353 1168 1398 epistolarum
1204 1365 1349 1389 mearum

147 1411 391 1454 quaternionem
411 1409 509 1444 michi
529 1409 626 1444 fuisse
649 1410 768 1444 scelere
791 1409 908 1444 furtivo
927 1410 1124 1445 subtractum
1145 1421 1177 1446 et
1195 1422 1348 1457 quantam

147 1467 204 1502 tibi
223 1477 300 1502 tunc
333 1467 460 1503 ostendi
490 1479 543 1502 me
575 1467 793 1502 turbationem
823 1480 863 1502 ex
883 1469 996 1503 iniuria
1019 1470 1204 1515 percepisse.
1251 1482 1349 1516 quam

148 1526 234 1567 licet,
257 1536 293 1561 ut
316 1527 503 1562 meminisse
526 1526 648 1569 videor,
671 1536 706 1562 tu
738 1526 838 1561 ferme
873 1526 1028 1569 deriseris,
1060 1539 1198 1573 arguens
1222 1539 1351 1575 propter

149 1585 318 1620 utilitatem
343 1585 568 1631 publicationis
598 1585 676 1621 iuud
698 1585 819 1620 furtum
843 1594 911 1620 tam
938 1585 1124 1621 detestabile
1147 1599 1214 1622 non
1241 1587 1349 1630 fuisse,

151 1643 244 1679 crede
267 1644 378 1686 michi,
401 1644 472 1690 plus
498 1656 596 1690 quam
616 1645 759 1690 cogitare
778 1644 885 1678 valeas
908 1656 962 1679 me
985 1645 1124 1679 vexavit.
1175 1654 1207 1680 et
1226 1647 1350 1681 utinam

202 1763 229 1784 4.
244 1754 275 1778 l)
285 1756 323 1779 ΙΙε
335 1758 456 1780 muoso
468 1756 513 1779 iam
570 1762 605 1787 ¹3.
616 1755 671 1779 Coti
679 1756 708 1785 A,
722 1756 903 1786 euayginnee
910 1758 973 1779 cono
987 1757 1012 1779 ln
1027 1756 1115 1779 nutante
1129 1757 1211 1780 uenere
1223 1757 1351 1785 Callanus,-

156 1793 190 1818 N¹
201 1795 282 1819 eum
337 1796 399 1819 1⁶.A
410 1800 546 1825 quamtum·
559 1802 598 1818 ια
611 1796 651 1819 tn
661 1796 693 1824 lh
706 1798 814 1826 etp-rulo.
871 1802 906 1824 ¹7-
921 1794 955 1820 N¹
970 1802 1030 1818 nnnc

185 1893 228 1928 (r)
247 1892 285 1921 Se
299 1892 318 1920 il
332 1892 412 1926 furto.
430 1893 457 1920 di
473 1893 516 1921 cui
531 1901 576 1921 era
595 1898 666 1921 stato
681 1893 729 1921 vit·

151 1935 220 1963 tima
233 1934 255 1963 il
264 1934 304 1969 S.,
313 1943 446 1968 awenne,
455 1943 536 1963 come
545 1934 591 1963 noi
603 1935 728 1963 abb'nmo

150 1975 255 2006 tentato
276 1977 304 2005 di
322 1985 446 2014 provare,
464 1977 530 2006 nell'
539 1984 661 2006 autumo
683 1978 727 2006 del

154 2019 275 2058 139301·
282 2019 329 2047 lib.
335 2019 456 2056 V111,ep.
462 2027 521 2048 xxn
527 2030 536 2054 ;
543 2020 579 2054 11,
585 2028 638 2056 ⁴7⁰
644 2020 727 2057 sgg.),

150 2061 178 2090 la
192 2068 325 2099 presente,
337 2063 408 2090 dove
420 2062 439 2090 il
449 2069 544 2091 nosue
555 2063 677 2091 dichiara
687 2072 727 2092 es-

149 2112 195 2132 ser
207 2105 276 2132 coni
292 2114 307 2129 α
318 2103 468 2132 molt'anni
478 2114 492 2130 ι
503 2110 542 2132 tta
556 2105 574 2132 il
586 2111 727 2133 momento

149 2145 178 2173 in
191 2146 236 2174 eui
250 2146 289 2182 gli
303 2154 391 2174 venne
405 2152 529 2175 aottnno
544 2147 564 2175 il
579 2155 630 2175 suo
644 2147 727 2175 :ibal-

149 2188 221 2216 done
238 2189 267 2216 di
285 2188 378 2217 lettere
396 2189 521 2217 familiari
539 2198 554 2218 e
572 2189 665 2227 quello
682 2190 727 2218 nel

149 2230 238 2265 quale,
257 2232 346 2268 gratie
364 2232 390 2260 ni
409 2231 492 2260 buoni
511 2231 584 2260 uffici
605 2233 631 2260 di
658 2232 727 2260 Leo·

149 2273 236 2301 nardo
255 2273 348 2308 ani,
365 2274 404 2311 gli
416 2275 497 2303 riuscl
509 2275 538 2302 di
552 2275 727 2312 ricuperarlm

149 2323 205 2343 non
219 2317 296 2352 porra
310 2323 486 2353 appartenere
501 2317 553 2345 che
571 2318 625 2354 agli
640 2317 726 2346 ultimi

150 2357 236 2393 tempi
244 2357 317 2385 della
323 2358 378 2386 vita
386 2358 414 2386 di
424 2358 564 2387 Coiuccio.
601 2359 727 2388 Siccome

151 2401 217 2435 pero
235 2399 336 2428 d'aitra
354 2407 429 2437 pane
447 2401 474 2429 vi
492 2402 629 2430 troviamo
650 2410 727 2430 men-

773 1893 882 1920 zionato
904 1892 923 1919 il
947 1891 1030 1920 amni
1053 1900 1133 1920 come
1155 1892 1310 1921 dimorante
1335 1902 1350 1921 a

774 1934 884 1963 Firenze
902 1935 936 1962 ed
960 1935 1066 1963 intento
1085 1943 1101 1962 a
1119 1935 1209 1972 quegli
1231 1936 1303 1964 studi
1324 1936 1351 1963 di

774 1977 861 2014 legge,
881 1977 933 2005 che
957 1986 1043 2005 aveva
1068 1987 1116 2014 per
1140 1978 1306 2014 apprendere
1330 1978 1349 2006 il

773 2029 857 2056 greco
882 2020 1012 2057 alquanto
1031 2021 1154 2057 negletti,
1178 2022 1239 2049 sara
1257 2029 1351 2050 neces-

772 2063 844 2090 sario
863 2069 1023 2091 ammettere
1042 2063 1094 2090 che
1115 2063 1134 2090 il
1157 2062 1294 2091 fortunato
1316 2064 1351 2091 ri-

772 2111 945 2132 trovamento
961 2105 1004 2132 del
1023 2105 1214 2139 manuscritto,
1233 2105 1308 2133 sonte
1324 2105 1351 2133 di

772 2153 846 2174 tanta
865 2147 938 2183 gioia
964 2155 1012 2182 per
1032 2146 1051 2174 il
1072 2147 1145 2174 buon
1164 2147 1287 2180 vecchio,
1305 2147 1352 2174 ab·

772 2189 816 2216 bia
835 2195 917 2216 avuto
941 2189 1026 2225 luogo
1050 2189 1102 2216 due
1120 2197 1138 2216 o
1161 2195 1201 2216 tre
1222 2189 1288 2216 anni
1313 2189 1350 2217 al-

773 2239 856 2259 meno
874 2231 982 2258 innanzi
1001 2231 1054 2259 aua
1074 2238 1199 2268 partenza
1217 2231 1351 2260 deu'Are-

771 2275 829 2302 tino
842 2282 889 2310 per
899 2273 995 2301 Roma.
1027 2273 1092 2301 Non
1105 2274 1245 2302 nimiamo
1257 2274 1352 2310 quindi

771 2317 799 2344 di
812 2317 896 2344 andar
908 2316 985 2352 lungi
997 2316 1042 2344 dal
1055 2325 1120 2344 vero
1133 2317 1350 2353 congetturando

772 2359 823 2387 che
842 2359 869 2387 la
888 2365 1012 2396 presente
1029 2360 1108 2396 spetti
1128 2359 1182 2388 alla
1198 2360 1350 2397 primavera

772 2402 816 2430 del
838 2410 914 2436 ¹40¹·

1403 365 1412 386 1
1420 365 1589 386 moi-eminenti

1375 398 1435 413 veno
1452 393 1473 412 di
1488 392 1518 413 lui
1536 398 1590 413 sono

1375 425 1412 439 ora
1421 419 1475 446 quali
1483 419 1559 440 §tireno
1567 420 1588 440 in

1375 451 1470 474 putato.

1400 540 1500 561 audian
1507 540 1590 568 dunque

1375 568 1432 615 :m
1453 572 1552 615 :2:⁸⁹3ss
1569 573 1589 614 1:

1376 621 1587 649 eoedhuuprimim
