1682 2762
105 368 183 394 Guido,
215 368 254 388 che
284 374 322 395 pur

106 395 203 416 confess:
222 395 322 422 giudizio-

107 427 200 443 umente
213 428 283 442 essere
294 421 322 448 gli

107 450 178 470 arc-ni
186 449 241 470 della
248 454 322 469 namn

107 476 218 504 pressoclre
249 476 323 502 irnper-

107 503 212 524 scrutabili
240 502 274 522 nll'
285 509 321 522 uo·

107 536 150 577 zo,
165 530 323 561 vuol—tuttavin

195 564 206 576 ι
222 563 270 576 rone
304 563 323 575 ι-

107 563 196 617 ιεζέιξάἑ
206 564 246 615 §on
256 563 321 603 tildni

107 610 257 658 ἒῖῗέἑίἳὴέἰ.
266 616 322 656 §³22⁶-

109 665 183 686 chezzn
193 663 246 684 della
255 664 322 684 radice

109 691 161 712 delle
175 697 241 718 penne
251 691 281 710 sia
290 697 323 710 cn-

109 719 195 746 glonna
202 718 235 737 dni
246 724 323 737 «mem-

111 745 159 766 nbri
177 745 322 772 spermatici».

109 772 208 792 Coluccio
217 778 240 791 se
250 771 269 791 ln
279 771 323 791 ride

110 800 129 819 di
138 804 210 826 quesn
216 803 323 825 grottesca

110 826 241 853 spiegnzione
260 832 271 845 e
287 825 323 844 do-

110 853 184 873 mmd-
197 851 253 879 qunli
263 852 323 872 rinno

111 880 186 901 cotesti
204 879 298 903 membri,
313 885 324 898 e

110 906 197 954 pientutti
212 906 218 926 i
237 905 324 925 membri

125 941 137 954 ι
153 940 166 954 ο
185 939 195 953 s
209 939 266 953 erma
282 939 324 952 nou

110 940 208 981 derivimi'
214 967 225 980 e
238 966 260 979 se
275 960 323 979 tutti

125 987 139 1007 li
148 986 230 1007 naiman
238 986 324 1006 -bbi-uo

110 995 182 1035 §imea
187 1014 207 1034 ln
212 1019 267 1038 cute,
274 1013 324 1033 don-

111 1042 212 1062 d'escono
220 1040 239 1061 le
262 1046 321 1060 enne.

111 1069 130 1089 A
143 1068 232 1089 secanda
259 1068 279 1088 ei
293 1067 325 1087 di-

112 1096 165 1117 versi
184 1094 239 1115 :limi
256 1094 325 1115 inf-tvi

112 1129 155 1143 uon
177 1127 248 1142 mutan
269 1121 326 1141 forse

113 1150 134 1170 di
148 1149 219 1170 colore
229 1148 248 1168 le
273 1154 325 1168 enne

113 1176 168 1204 degli
181 1155 326 1207 naenig-Nun

113 1209 198 1251 {2203}
211 1208 327 1253 1¹¹3*ssan

139 1258 198 1277 nino
221 1257 228 1276 i
251 1255 326 1276 corvi?

112 1264 163 1305 {fon
193 1284 204 1303 ὲ
233 1282 328 1303 credibile

114 1312 197 1338 dunque
203 1310 268 1331 chela
273 1310 328 1330 virtu

115 1339 147 1359 dei
166 1337 252 1358 membri
274 1343 284 1356 s
320 1347 329 1352 -

115 1365 185 1386 marici
200 1364 263 1384 rende
273 1364 285 1383 b
294 1370 327 1383 an-

116 1392 152 1413 che
167 1392 186 1412 le
200 1391 263 1412 rudici
276 1390 328 1410 delle

115 1425 192 1447 penne,
211 1417 292 1445 qumdo
312 1417 329 1437 si

156 1446 173 1466 si
191 1452 203 1465 ι
221 1449 278 1465 unt·
296 1450 331 1464 va-

116 1474 168 1493 rien
186 1472 206 1492 di
223 1472 276 1492 time
291 1471 329 1491 che

117 1499 184 1520 offron
199 1499 218 1519 la
235 1498 296 1526 pelle,
310 1498 329 1518 le

117 1525 330 1581 ἷξῖἷεὲιῑίιιῖἷῗιιιίιιῑῶ

148 1823 174 1844 In
194 1827 271 1850 qumto
294 1820 334 1841 alle

121 1856 185 1879 punte
204 1850 224 1870 di
242 1849 275 1869 cui
293 1848 308 1868 l'
320 1849 335 1868 i-

122 1878 186 1899 :trice
208 1878 219 1897 e
246 1880 334 1899 nrm-to,

122 1905 191 1925 Guido
214 1903 277 1924 vuole
299 1901 335 1922 che

122 1932 142 1952 1-
163 1931 230 1952 radice
243 1930 290 1950 loro
305 1929 336 1949 sin

123 1959 197 1979 blanca
211 1964 247 1985 per
264 1956 335 1977 efferto

123 1985 177 2006 della
187 1989 246 2009 cute;
256 1983 335 2004 vestre-

124 2013 175 2033 mim
201 2012 237 2039 poi
264 2017 336 2031 oscur-

123 2039 196 2067 perche
210 2039 225 2059 l‘
231 2043 304 2058 umore
319 2037 336 2057 si

124 2066 268 2114 ἒίζωῗέῗέαξ
282 2064 336 2111 ‘miii

123 2125 195 2147 questa
213 2121 224 2139 ὲ
243 2125 291 2140 eon
305 2125 337 2139 ns-

123 2147 153 2167 ni
167 2147 243 2167 dubbin

351 230 415 271 596
773 231 1121 260 EPISTOLARIO

350 372 466 407 rusque
491 361 610 406 perlegi
634 361 830 404 miratusque
850 370 933 400 sum,
958 370 1032 392 cum
1052 357 1123 391 talis
1149 366 1181 391 et
1205 366 1272 390 tam
1299 368 1374 390 vere
1392 356 1551 390 sententie

351 432 517 455 summam
541 429 662 460 teneas,
687 418 773 452 unde
793 419 832 451 sit
855 417 943 462 quod
963 417 1081 450 oblitus
1101 417 1146 450 tui
1165 425 1232 450 tam
1251 415 1492 449 multiformiter
1510 416 1552 450 sis

353 487 489 513 conatus
514 477 553 511 de
578 486 626 511 tot
646 477 778 521 physice
798 476 927 510 secretis
951 475 1050 515 illam,
1067 486 1130 519 que
1150 485 1221 507 raro
1245 473 1297 507 vel
1316 485 1484 518 nunquam
1506 484 1552 507 re-

350 537 445 582 periri
470 536 579 580 possit,
603 535 736 569 reddere
759 535 929 568 rationem.
998 532 1055 567 sed
1079 532 1247 567 audiamus
1270 532 1354 572 illos,
1377 532 1469 565 sicuti
1494 531 1552 572 vis,

351 596 390 630 de
414 606 596 640 pennarum
620 594 766 627 albedine
790 593 999 637 disputantes.
1068 592 1180 636 prima,
1205 591 1287 624 sicut
1310 590 1428 634 inquis,
1451 598 1486 624 ut
1508 589 1554 624 illi

349 655 474 695 volunt,
499 664 679 699 pennarum
703 664 774 697 pars
798 652 868 685 alba
891 661 939 685 est
963 652 1080 685 virtute
1103 649 1370 695 spermaticorum
1389 648 1553 683 membro-

350 724 433 747 rum.
492 724 513 746 ο
537 711 760 757 pulcerrimam
785 711 961 744 rationem!
1017 709 1095 754 quid
1118 718 1193 742 sunt
1217 709 1276 742 ista
1298 707 1446 741 membra
1469 718 1554 752 spet-

351 770 492 805 matica?
534 781 575 803 an
590 769 720 814 aliquod
735 768 957 802 membrorum
973 767 1081 802 forsan
1094 778 1112 800 a
1127 776 1286 812 spermate
1303 777 1371 800 non
1387 765 1555 810 procedit?

351 841 392 863 an
417 829 508 869 cutis,
533 840 595 873 que
620 827 711 862 sedes
727 838 907 872 pennarum
926 835 983 865 est,
1000 827 1032 859 in
1049 826 1201 859 omnibus
1217 824 1409 858 animalibus
1429 835 1556 868 semper

352 888 441 922 alba?
511 899 552 921 an
576 899 644 920 non
668 887 775 931 potius
799 885 985 919 multicolor
1006 894 1040 919 'et
1064 885 1159 919 variis
1190 884 1222 917 in
1247 883 1387 927 corporis
1414 882 1555 927 partibus

351 947 438 980 varia
461 955 493 979 et
516 946 550 979 in
573 945 650 990 ipsis
674 944 876 985 animalibus,
897 955 1089 988 quecunque
1107 944 1183 982 sint,
1203 953 1291 976 nunc
1309 941 1373 975 hoc
1395 952 1485 975 nunc
1499 940 1556 974 illo

353 1005 461 1039 colore
486 1004 623 1048 depicta,
647 1003 746 1037 alium
771 1012 802 1037 et
821 1003 921 1037 alium
941 1002 1085 1036 colorem
1100 1002 1134 1035 in
1159 1001 1358 1035 avicularum
1377 1000 1494 1044 pennis
1507 999 1558 1044 gi-

352 1065 423 1109 gnit
450 1063 624 1108 regionum
654 1062 812 1106 qualitas?
881 1071 928 1102 ut,
953 1073 1028 1095 cum
1059 1060 1199 1094 merulas
1229 1059 1406 1093 habeamus
1437 1059 1556 1103 nigras,

352 1121 463 1156 turdos
488 1122 600 1166 pennis
616 1122 732 1162 varios,
749 1120 857 1164 Alpes,
874 1131 936 1164 que
961 1119 1110 1153 dividunt
1133 1118 1171 1152 ab
1196 1118 1287 1152 Italia
1311 1117 1447 1157 Gallias,
1467 1115 1558 1150 albos

353 1179 483 1213 habent.
531 1179 592 1213 albi
614 1180 814 1224 reperiuntur
838 1188 869 1212 et
893 1180 994 1218 corvi,
1013 1189 1165 1222 quorum,
1187 1186 1223 1210 ut
1238 1175 1478 1221 physicantium
1501 1174 1557 1208 ha-

354 1238 432 1272 bent
455 1237 553 1279 scole,
581 1238 745 1282 proprium
774 1246 822 1270 est
845 1235 991 1280 nigredo.
1058 1235 1098 1269 de
1132 1235 1237 1269 radice
1269 1246 1348 1268 vero
1379 1244 1558 1279 pennarum

355 1296 444 1341 quod
463 1295 533 1330 albe
551 1305 665 1330 cuncte
685 1296 758 1336 sint,
779 1296 861 1329 sicut
885 1306 1003 1340 negare
1020 1306 1087 1328 non
1108 1293 1256 1334 audeam,
1277 1293 1322 1327 sic
1346 1303 1414 1326 non
1432 1291 1559 1326 credam

356 1355 505 1388 virtutem
533 1354 670 1387 membri
694 1354 876 1398 spermatici
899 1364 1030 1387 causam
1053 1364 1135 1393 esse,
1158 1351 1272 1385 videns
1295 1359 1420 1385 tantam
1443 1349 1560 1384 coloris

356 1413 389 1446 in
410 1422 493 1453 cute,
517 1412 588 1457 pilis
613 1421 644 1446 et
663 1412 812 1456 pennulis
836 1421 869 1445 et
892 1413 924 1445 in
944 1412 1019 1455 ipsis
1044 1410 1236 1445 animalibus
1252 1410 1384 1444 diversis
1403 1409 1435 1443 in
1455 1408 1560 1452 regio-

357 1470 451 1504 nibus
465 1471 668 1504 varietatem:
683 1482 822 1515 cumque
837 1470 984 1514 le'gamus
999 1470 1138 1503 veritatis
1153 1468 1244 1509 libro,
1258 1479 1356 1512 quem
1375 1466 1561 1502 Genesim

357 1541 454 1574 greco
474 1529 634 1563 vocabulo
649 1529 746 1562 latine
761 1528 908 1569 dicimus,
924 1528 1133 1573 patriarcham
1151 1526 1259 1568 Iacob,
1275 1527 1330 1572 qui
1347 1535 1379 1560 et
1390 1525 1488 1560 Israel
1507 1536 1562 1570 ap-

357 1587 492 1633 pellatus
517 1597 574 1628 est,
591 1587 706 1621 ovibus
725 1587 878 1621 salitionis
902 1596 1049 1632 tempore
1068 1598 1143 1620 cum
1163 1594 1311 1630 potarent
1334 1593 1367 1619 et
1385 1584 1561 1625 salirentur,

358 1647 466 1691 virgas
483 1645 600 1680 abrasis
616 1645 786 1680 corticibus
799 1647 832 1680 in
849 1645 1011 1680 canalibus
1026 1656 1218 1690 preparasse,
1238 1655 1375 1689 quarum
1390 1642 1562 1687 intuitione

359 1704 442 1738 fetus
462 1705 542 1739 varii
566 1704 693 1745 coloris,
717 1716 800 1749 quos
824 1704 864 1739 ad
887 1716 921 1738 se
941 1705 1096 1748 pertinere
1117 1703 1231 1737 debere
1257 1714 1332 1737 cum
1350 1713 1464 1736 socero
1485 1712 1563 1735 con-

361 1772 503 1804 venerat,
532 1763 791 1801 nascerentur(¹).
848 1763 919 1807 quis
943 1774 1011 1796 non
1030 1762 1119 1796 videt
1141 1761 1204 1796 hoc
1227 1761 1268 1795 ad
1292 1760 1378 1795 aliud
1400 1771 1499 1805 quam
1522 1759 1563 1794 ad

361 1830 474 1854 nature
508 1821 661 1866 principia
690 1833 785 1866 posse
815 1821 948 1854 referri?
1015 1820 1056 1854 de
1079 1819 1217 1864 pinnulis
1246 1828 1366 1860 autem,
1397 1819 1466 1852 imo
1493 1817 1564 1852 telis

362 1880 498 1913 histricis
522 1879 640 1914 videris
665 1891 802 1913 asserere
826 1879 914 1924 quod
937 1879 1082 1923 ipsorum
1105 1879 1210 1922 prima
1231 1889 1303 1922 pars
1327 1876 1367 1911 de
1390 1877 1471 1911 cutis
1499 1876 1563 1909 vir-

362 1947 430 1972 tute
461 1938 502 1971 sit
526 1938 595 1971 alba
619 1947 651 1971 et
675 1947 819 1972 extrema
841 1949 913 1982 pars
936 1937 1082 1972 humoris
1111 1936 1329 1970 subtiliatione
1355 1944 1388 1968 et
1416 1933 1564 1979 purifica-

362 1996 452 2029 tione
469 1995 634 2029 dealbetur
651 2005 684 2030 et
702 1995 790 2040 quod
805 1996 873 2040 ipsa
891 2005 1003 2029 natura
1020 1994 1136 2028 coloris
1154 1993 1367 2039 pulcritudine
1386 2002 1418 2026 et
1432 1993 1565 2026 materie

362 2054 582 2098 proportione,
602 2054 711 2098 quales
729 2053 876 2087 videmus
896 2064 975 2095 esse,
993 2052 1188 2097 produxerit.
1235 2063 1292 2085 cur
1310 2060 1418 2085 autem
1437 2050 1565 2095 incepta

364 2111 550 2156 denigratur
574 2112 713 2146 albedo?
759 2124 814 2146 cur
836 2112 925 2157 quod
949 2113 981 2145 in
1004 2111 1208 2156 nigredinem
1233 2109 1357 2144 transiit
1374 2109 1491 2144 iterum
1509 2108 1565 2143 de·

415 2216 437 2232 2.
451 2211 470 2232 A
485 2217 573 2233 summa
629 2211 651 2233 8.
666 2211 684 2233 A
699 2211 822 2233 membrum
894 2217 926 2234 ιο.
939 2210 958 2232 A
973 2210 1034 2232 varis
1046 2222 1060 2226 -
1074 2209 1209 2238 corporibus
1218 2216 1226 2237 ;
1235 2215 1283 2237 ma,
1293 2210 1394 2238 espunla
1404 2208 1427 2230 la
1437 2207 1503 2236 sigla
1513 2207 1563 2233 bru,

354 2255 390 2283 fu
405 2255 527 2283 aggiunto
541 2255 575 2277 [ἐ
589 2261 605 2277 a
619 2255 707 2283 corpori
765 2262 798 2286 ¹3·
815 2256 834 2277 A
848 2244 963 2289 region¹5¹÷m
1021 2261 1058 2282 ¹4·
1074 2253 1103 2276 1²¹
1119 2253 1200 2276 dividit
1258 2260 1265 2275 r
1270 2260 1293 2282 5.
1312 2252 1340 2275 1³¹
1357 2253 1423 2275 habet
1437 2252 1467 2274 ed
1478 2254 1564 2274 ornent

362 2299 384 2317 et
438 2295 472 2318 18.
481 2294 550 2323 Aper
560 2301 609 2317 esse
623 2295 654 2317 dd
669 2301 715 2317 rem
772 2301 811 2323 ²4-
822 2295 840 2318 A
855 2296 917 2323 quod
972 2295 1007 2317 26.
1018 2295 1036 2317 A
1051 2295 1178 2324 penniculis
1232 2300 1270 2324 ²7.
1284 2293 1303 2316 A
1313 2293 1419 2316 nss‘cerere
1493 2298 1530 2322 3¹-
1543 2290 1562 2313 A

363 2334 480 2363 nigredine

420 2369 437 2386 q

398 2387 446 2447 (ις
461 2412 548 2440 Genus.
561 2412 648 2446 XXX,
666 2420 762 2448 37-41.

1587 890 1627 915 10

1590 1181 1629 1215 15

1588 1471 1632 1496 20

1590 1763 1631 1797 25

1593 2056 1635 2091 30
