1696 2782
327 257 368 291 82
754 255 1094 286 EPISTOLARIO

327 316 1517 334 ——-—.-———--—-————-—--———

323 386 468 429 referam,
483 388 547 431 qui,
564 386 636 419 licet
648 384 877 419 eruditissimus
891 382 984 422 foret,
1002 379 1123 414 nedum
1135 379 1301 423 proximos
1316 378 1388 412 illos
1401 388 1517 422 equare

325 458 392 480 non
415 445 529 490 potuit,
553 443 608 477 sed
631 454 649 476 a
672 443 778 482 Livio,
800 451 898 485 quem
921 450 988 473 non
1012 437 1215 482 sequendum
1239 436 1347 470 solum
1376 435 1519 478 hystorie

325 503 414 543 serie,
438 501 493 535 sed
516 499 706 534 imitandum
722 497 903 542 eloquentia
918 495 978 530 sibi
992 495 1168 540 proposuit,
1185 494 1283 538 longe
1303 493 1447 526 discessit
1458 492 1472 525 ?
1485 491 1520 519 (¹)

285 573 298 608 «ζ
326 562 388 594 hoc
404 559 496 594 idem
519 559 591 592 licet
615 558 653 591 de
678 556 867 600 Tranquillo
891 555 1060 595 Suetonio,
1083 554 1123 587 de
1158 553 1263 587 Plinio
1292 551 1455 592 Secundo,
1479 550 1520 586 de

282 621 286 625 '
328 619 422 652 Helio
447 617 624 662 Spartiano,
649 615 688 649 de
721 615 804 649 Iulio
837 614 1033 658 Capitolino,
1063 612 1102 646 de
1138 611 1234 646 Helio
1259 610 1458 655 Lampridio,
1480 610 1520 644 de

230 680 250 698 ⁰¹
277 680 297 693 ⁸·
327 677 420 710 Iunio
441 676 593 719 Vopisco‚
617 674 656 707 de
685 673 843 707 Martiano
867 672 963 706 Felici
987 671 1128 716 Capella,
1153 670 1192 704 de
1215 669 1364 715 Apulei0‚
1388 668 1428 702 de
1452 669 1521 703 Ma·

328 734 436 768 crobio
450 743 481 767 et
499 733 567 766 aliis
586 731 726 777 pluribus
747 730 918 772 affirmare3
939 742 1076 775 quorum
1096 729 1218 774 scriptis
1236 728 1406 773 percipitur
1418 738 1521 772 quan-

245 806 252 819 »
287 805 299 818 ·
327 802 396 826 tum
421 801 521 825 tractu
545 791 697 834 temporis
721 799 851 823 ornatus
876 789 926 822 ille
951 788 1121 822 locutionis
1145 787 1283 821 effloruit
1300 795 1521 830 quantumque

255 859 266 872 ⁶
290 862 298 866 ·
327 851 474 884 maiestas
498 849 549 882 illa
567 849 659 893 prisci
679 848 847 888 sermonis,
862 859 925 891 que
941 858 1014 880 curn
1035 846 1192 880 Cicerone
1211 856 1376 879 summum
1397 844 1522 889 apicem

257 912 274 936 ⁵!
290 916 298 955 J
326 909 440 948 tenuit,
453 907 623 940 imminuta
639 915 687 940 est
696 906 740 940 (²).
786 915 817 939 et
829 915 937 939 tamen
953 916 1053 949 usque
1069 905 1102 937 in
1115 903 1379 937 Theodosiorum
1399 911 1432 937 et
1449 913 1521 936 suc-

275 991 286 1004 e
328 976 491 1000 cessorum
515 965 659 1009 proxima
682 973 838 1007 tempora,
860 962 975 1007 quibus
990 962 1217 996 'Cassiodorus
1240 961 1360 1002 floruit,
1383 960 1524 1002 Αωὶπο-

328 1024 405 1064 sius,
421 1022 646 1066 Symmachus,
660 1022 840 1062 Sevednus,
858 1021 1090 1065 Hieronymus,
1111 1020 1322 1064 Augustinus,
1342 1018 1524 1058 Ennodius,

330 1080 491 1119 Sidonius
515 1080 667 1124 Sulpitius
691 1080 839 1120 Severus,
863 1089 905 1120 et,
924 1079 977 1123 qui
998 1080 1084 1123 prius
1106 1078 1219 1122 viguit,
1239 1077 1524 1122 eloquentissimus

331 1139 520 1179 Firmianus,
547 1138 695 1178 Orosius,
720 1137 860 1171 Iulianus
887 1146 920 1170 et
949 1137 996 1170 his
1028 1137 1210 1170 interiectus
1233 1135 1397 1170 Ausonius
1420 1145 1454 1170 et
1475 1133 1524 1168 fa-

248 1205 256 1217 ¹
277 1205 302 1244 g]
331 1196 543 1231 cundissimus
576 1197 755 1240 Cyprianus
785 1205 815 1229 et
849 1195 901 1228 alii
935 1195 1138 1239 quamplures
1168 1194 1345 1228 redivivam
1367 1192 1526 1238 quodam·

292 1258 303 1270 ²
331 1254 430 1288 modo
443 1254 625 1288 facundiam
638 1254 847 1294 reduxerunt3
863 1254 942 1294 sive,
957 1265 1024 1298 quo
1043 1253 1148 1287 verius
1161 1252 1286 1297 loquar,
1301 1252 1524 1286 continuatam

330 1313 363 1346 in
382 1313 488 1357 paucis
509 1313 604 1346 unius
620 1311 719 1345 ferme
739 1321 838 1345 tractu
858 1311 956 1345 seculi
969 1316 1142 1345 tenuerunt
1152 1311 1197 1344 (³).
1242 1320 1317 1355 post
1334 1321 1417 1355 quos
1436 1318 1526 1344 tanta

386 1432 407 1455 3.
423 1424 452 1447 [Η
467 1425 546 1448 seriem
615 1433 636 1454 5.
651 1424 680 1447 Ι]
696 1425 840 1454 Lamphridio
909 1426 930 1448 6.
946 1424 976 1447 ι’
993 1426 1100 1454 Voposco
1114 1437 1126 1443 -
1140 1424 1261 1448 Martiali-
1272 1424 1388 1453 Apulessio

367 1540 409 1575 (1)
430 1540 556 1567 Siccome
579 1540 598 1566 il
623 1539 650 1567 S.
675 1548 731 1566 non
754 1539 903 1575 possedeva

333 1582 545 1618 probabilmente
565 1590 664 1612 ancora
683 1582 710 1608 in
729 1588 833 1609 cotesto
849 1590 905 1609 mo-

332 1631 425 1652 mento
435 1625 472 1659 gli
485 1625 567 1651 scritti
577 1625 604 1651 di
615 1624 712 1652 Tacito
720 1624 766 1660 (cf.
777 1625 821 1652 lib.
830 1625 904 1657 VIII,

333 1676 373 1703 ep.
393 1675 436 1699 X13
455 1668 488 1700 ΙΙ,
508 1667 580 1702 297),
605 1669 661 1694 cosi
681 1676 737 1694 non
758 1667 905 1694 dobbiamo

332 1709 428 1735 vedere
443 1709 471 1734 in
494 1715 588 1743 questo
610 1717 660 1734 suo
686 1709 801 1744 giudizio
826 1717 905 1744 sopra

333 1751 360 1777 lo
390 1750 489 1777 storico
517 1759 630 1777 romano
657 1750 676 1777 il
702 1757 809 1786 portato
837 1751 906 1778 delle

333 1801 381 1819 sue
394 1792 527 1827 personali
542 1793 728 1825 osservazioni,
745 1802 788 1819 ma
802 1794 907 1820 ricono-

333 1835 417 1860 scervi
428 1834 555 1869 piuttosto
565 1833 582 1860 il
591 1833 693 1861 riflesso
705 1834 775 1861 delle
786 1835 906 1871 opinioni

335 1875 420 1902 altrui.

369 1917 411 1952 (2)
431 1917 461 1943 In
480 1923 573 1952 questa
591 1925 716 1953 rassegna
735 1917 807 1952 degli
831 1918 907 1944 scrit-

332 1959 385 1985 tori
400 1958 475 1985 latini
490 1959 568 1985 fioriti
582 1965 622 1986 tra
634 1959 654 1985 il
666 1968 687 1987 11
701 1959 733 1986 ed
747 1959 766 1986 il
781 1968 798 1986 v
812 1960 906 1987 secolo

332 2002 352 2028 il
366 2001 393 2028 S.
406 2010 461 2028 non
475 2001 500 2028 fa
515 2008 608 2037 troppa
622 2003 772 2029 attenzione
786 2003 837 2030 alla
851 2012 908 2030 cro—

334 2043 454 2079 nologia.
491 2044 623 2071 Svetonio
641 2044 738 2077 insani,
750 2045 852 2072 vissuto
866 2051 907 2073 tra

333 2086 352 2112 il
371 2094 402 2120 75
424 2087 457 2112 ed
476 2086 494 2112 il
517 2086 566 2113 160
585 2087 656 2114 circa
675 2087 700 2114 d.
717 2088 759 2120 C.,
775 2088 908 2115 dovrebbe

333 2128 437 2162 seguire
455 2136 470 2154 a
488 2128 586 2162 Plinio,
601 2129 751 2156 l'esistenza
771 2130 814 2156 del
828 2130 908 2166 quale

333 2179 381 2205 par
400 2179 534 2197 scorresse
552 2176 592 2198 tra
611 2171 629 2198 il
648 2170 681 2199 62
701 2172 734 2198 ed
753 2172 771 2199 il
793 2181 854 2208 1133
874 2173 908 2199 ed

333 2212 386 2239 alla
410 2214 551 2240 menzione
570 2214 596 2240 di
614 2215 701 2250 questi
724 2215 777 2241 due
796 2215 907 2242 sarebbe

334 2255 467 2289 legittimo
482 2256 532 2282 che
551 2262 655 2283 tenesse
675 2257 758 2284 dietro
773 2258 862 2293 quella
881 2258 908 2284 di

335 2297 464 2332 Apuleio,
493 2304 557 2325 nato
591 2299 806 2334 probabilmente
837 2300 908 2327 circa

335 2339 353 2365 il
375 2347 437 2373 125;
457 2349 472 2366 e
490 2349 546 2367 non
566 2341 609 2376 gia
634 2341 654 2368 il
681 2342 789 2369 ricordo
813 2342 908 2369 d'Elio

336 2382 482 2417 Sparziano
498 2392 512 2410 e
528 2384 554 2410 di
568 2383 660 2411 Giulio
681 2385 846 2420 Capitolino,
856 2385 908 2412 che

336 2423 462 2451 scrissero
498 2431 568 2452 sotto
601 2425 787 2454 Diocleziano.
839 2426 907 2454 Cosl

950 1548 1016 1575 pure
1026 1548 1042 1566 a
1055 1539 1209 1575 Lampridio
1221 1547 1237 1566 e
1249 1538 1379 1575 Vopisco,
1388 1538 1470 1567 fioriti
1481 1539 1528 1567 uel

950 1581 1039 1617 primo
1051 1587 1126 1608 terzo
1138 1581 1182 1608 del
1197 1581 1291 1608 secolo
1303 1589 1344 1612 w.
1357 1581 1469 1609 sarebbe
1481 1581 1528 1618 piu

950 1630 1037 1651 esatto
1055 1624 1095 1651 far
1112 1624 1218 1659 seguire
1236 1623 1375 1651 Macrobio
1390 1624 1418 1651 di
1434 1623 1528 1660 quello

951 1666 1001 1693 che
1019 1666 1158 1693 Marziano
1178 1666 1300 1702 Capella.

987 1707 1029 1742 (3)
1049 1708 1107 1740 Qui
1125 1708 1145 1734 il
1163 1714 1258 1735 nostro
1276 1707 1404 1735 s’infem
1422 1715 1530 1749 sempte

1553 907 1592 932 10

1554 1203 1591 1237 15

951 1750 1013 1785 pitu
1050 1750 1163 1784 giacche
1194 1750 1233 1785 gli
1258 1750 1344 1777 autori
1369 1750 1450 1778 ch'ei
1463 1750 1530 1778 ‘cin
1565 1771 1567 1773 .

951 1792 1003 1819 ben
1018 1791 1093 1828 lungi
1113 1791 1158 1819 dal
1177 1793 1278 1827 potersi
1296 1792 1339 1819 dir
1357 1792 1452 1820 vissuti
1468 1792 1530 1820 tutti

952 1836 1057 1871 press’a
1076 1843 1147 1871 poco
1165 1835 1238 1862 nello
1257 1841 1343 1862 stesso
1356 1835 1451 1862 secolo
1465 1835 1530 1863 deb-

953 1879 1027 1905 bono
1047 1886 1121 1905 esser
1146 1877 1287 1904 distribuiti
1313 1878 1341 1904 in
1367 1883 1410 1905 tre
1435 1885 1484 1914 per
1499 1877 1530 1905 lo

952 1920 1047 1946 meno!
1082 1920 1126 1946 Da
1146 1919 1285 1955 Cipriano,
1305 1926 1396 1947 morto
1412 1919 1460 1947 nel
1477 1919 1529 1954 258

953 1961 980 1989 d.
1011 1960 1053 1993 C.,
1081 1961 1215 1997 passando
1239 1969 1286 1996 per
1310 1960 1450 1988 Lattanzio
1474 1960 1531 1989 Fir-

953 2005 1053 2036 miano,
1085 2003 1105 2030 il
1135 2003 1215 2039 quale
1245 2003 1306 2030 fiori
1329 2004 1401 2030 circa
1423 2003 1444 2030 il
1469 2010 1530 2039 304,

953 2054 1001 2082 per
1020 2046 1146 2073 Ausonio
1165 2045 1233 2081 (350
1257 2045 1352 2082 circa).
1376 2045 1530 2081 Ambrogio

954 2087 987 2122 (†
1005 2087 1077 2123 397),
1097 2087 1217 2123 Sulpizio
1238 2087 1342 2115 Severo
1368 2087 1408 2122 (†
1425 2085 1530 2123 μοὶ),

955 2130 1102 2157 Gerolamo
1114 2131 1148 2164 (ἦ-
1161 2130 1236 2164 420),
1254 2129 1397 2157 simmaco
1409 2129 1444 2164 (1-
1455 2127 1531 2163 420),

953 2173 1088 2208 Agostino
1115 2173 1150 2208 (1-
1185 2173 1260 2208 430),
1294 2172 1399 2200 Orosio
1427 2171 1532 2206 (florino

954 2216 1026 2243 circa
1055 2215 1075 2242 il
1105 2215 1180 2251 4¹7),
1206 2215 1230 2242 si
1249 2215 1352 2251 giunge
1368 2213 1457 2242 difatti
1473 2221 1532 2243 non

953 2258 1012 2284 solo
1045 2266 1060 2284 a
1092 2258 1205 2285 Sidonio
1237 2258 1272 2292 (·Ι·
1302 2257 1378 2292 487).
1404 2255 1531 2284 Emodio

954 2299 988 2335 (†
1009 2300 1081 2335 521),
1100 2300 1201 2326 Boezio
1217 2299 1251 2334 (·ι-
1265 2298 1338 2335 525),
1353 2297 1531 2326 Cassiodorio

954 2343 988 2377 (ᾧ
1008 2341 1171 2377 570-588?),
1190 2350 1235 2368 ma
1253 2341 1358 2377 perfino
1374 2349 1390 2368 a
1403 2339 1532 2368 Giuliano

953 2384 1084 2420 (vescovo
1110 2384 1136 2410 di
1155 2383 1261 2411 Toledo
1287 2383 1332 2410 dal
1355 2382 1410 2410 680
1433 2381 1460 2410 al
1477 2381 1532 2418 690

954 2427 1047 2461 circa).
