1682 2762
113 388 222 410 Vennuio
232 388 307 410 tollen

91 415 161 437 inf-ni
178 415 259 443 eh'egli
274 422 306 436 re-

91 443 119 463 ni
138 443 160 463 in
179 443 253 464 :borso
273 443 306 463 de'

92 470 162 490 denari
193 470 264 498 pugni
295 476 307 490 ι

91 497 199 517 Leon-:do
206 504 218 517 e
226 497 256 517 sia
261 503 307 517 mo-

92 523 167 544 lesum
175 524 225 551 ogni
232 524 306 551 giorno

90 550 145 571 dalle
155 551 307 571 recriminuio-

91 577 112 598 nl
127 577 180 598 d'un
196 578 248 598 altro
264 584 306 598 cre-

91 605 167 629 ditore.
183 605 203 625 di
218 604 274 625 Meo.

118 676 223 697 Provvedn
244 683 255 696 ι
276 676 306 697 fa!

91 709 157 723 onore
172 703 213 723 an·
226 710 263 724 sun
273 710 306 730 pa-

91 730 144 755 roln,
155 737 178 750 se
192 730 220 758 gli
235 731 246 750 ὲ
260 737 306 751 ειη

91 757 111 778 le
125 757 172 778 loro
187 757 291 782 nmidzi23

91 914 205 935 altrimenti
211 914 307 942 :glimen

92 942 127 969 piu
150 942 262 962 curando-1
286 942 307 962 di

91 968 170 989 “lvere
191 968 211 989 ln
230 969 307 996 ripun-

91 996 152 1016 :ione
160 1002 205 1020 sua,
212 996 307 1016 cercherd

92 1023 156 1043 modo
181 1023 201 1043 di
227 1023 307 1043 flavere

92 1054 171 1077 quanto
191 1049 220 1077 gu
239 1054 307 1077 npetu

92 1083 103 1097 e
119 1077 139 1096 di
157 1076 307 1104 svergognarlo

93 1110 153 1124 come
167 1105 248 1124 meriu.

154 1796 247 1821 Firenze,

93 1829 103 1849 3
119 1823 230 1843 settembre
246 1829 295 1849 ¹40¹
300 1837 306 1844 .

119 1862 172 1883 Vide
199 1863 219 1883 ln
244 1863 279 1883 lun
295 1869 307 1883 e

92 1889 166 1910 lener-
175 1890 200 1910 ἀι
209 1890 238 1910 lui
248 1895 307 1910 πηι-

91 1921 114 1936 ιι
127 1923 140 1937 ι
156 1917 216 1938 Piero
236 1917 256 1938 di
275 1923 307 1937 ser

93 1943 149 1964 Mino

335 250 398 291 528
760 256 1107 284 EPISTOLARIO

335 384 489 426 debitum,
507 384 596 428 quod
619 385 715 418 etiam
736 383 842 417 solent
860 393 1000 428 prestare
1015 383 1258 423 sceleratissimi,
1274 383 1390 417 videris
1411 382 1539 417 oblitus.

334 443 461 487 pateris,
477 443 546 476 imo
562 442 622 482 vis,
638 442 726 487 quod
747 453 804 486 pro
824 451 856 476 te
871 442 1024 476 soluerirn
1042 441 1213 476 Leonardo
1229 441 1381 486 quodque
1397 441 1540 486 quotidie

335 501 488 534 molester
512 512 529 533 a
554 501 642 534 Meo.
690 501 799 534 nescio
819 501 845 534 si
868 500 914 534 sic
930 511 949 533 a
968 509 1000 534 te
1019 500 1143 534 tractari
1163 511 1218 533 me
1236 499 1358 534 iudicas
1375 501 1539 534 meruisse.

335 560 420 593 nosti
444 558 521 603 quid
546 558 719 593 Leonardo
743 558 908 600 debueris;
933 559 1011 593 Meo
1031 570 1119 600 vero,
1137 559 1221 593 sicut
1244 558 1319 593 alias
1342 559 1462 604 scripsi,
1482 570 1540 604 pro

334 618 544 652 extimatione
559 619 692 660 ronceni
710 617 807 652 debes
823 617 928 652 adhuc
941 618 1083 663 quinque
1098 618 1240 652 florenos
1257 627 1290 652 et
1307 630 1366 663 pro
1380 619 1540 662 expensis,

335 687 409 709 cum
435 676 515 710 istuc
539 676 638 718 venit,
661 676 803 710 florenos
827 675 919 710 duos·
966 687 1048 721 rogo
1071 675 1160 720 quod
1185 684 1344 720 utrunque
1363 675 1540 720 negocium

335 734 438 768 debita
463 734 625 768 solutione
649 735 719 768 sine
743 734 893 768 ulteriore
917 745 1010 768 mora
1033 733 1189 779 perficias,
1210 746 1252 768 ne
1270 743 1359 768 tanta
1375 746 1449 769 cum
1466 733 1541 769 affe-

334 794 441 827 ctione
465 793 531 826 iam
556 802 647 838 cepta
671 793 799 828 dilectio
822 794 979 838 principio
999 805 1056 828 sue
1079 794 1254 828 nativitatis
1277 803 1333 828 tua
1356 794 1450 839 culpa
1473 803 1542 828 tam

333 853 467 898 turpiter
491 862 671 888 evanescat.
718 853 745 886 si
767 852 857 898 quod
885 852 982 887 debes
1010 852 1134 894 feceris,
1159 865 1212 887 me
1240 864 1368 898 semper
1394 852 1542 887 invenies

335 913 464 958 qualem
489 922 638 958 expertus
657 924 706 954 es;
725 913 775 946 sin
800 922 908 947 autem
932 913 1059 957 incepta
1082 924 1195 957 perges
1214 913 1278 954 via,
1295 911 1414 947 dolebo
1437 911 1542 957 perdi-

335 972 419 1006 disse
443 984 541 1017 quem
566 972 727 1006 invenisse
751 971 903 1016 putabam
928 972 1085 1013 amicum;
1109 981 1142 1006 et
1164 984 1205 1006 ne
1228 971 1326 1006 simul
1349 971 1484 1017 perdam
1506 980 1539 1006 et

335 1032 518 1075 pecuniam,
537 1030 670 1065 honoris
684 1031 742 1072 tui,
754 1042 852 1075 quem
869 1030 1036 1075 hucusque
1052 1041 1119 1064 non
1135 1041 1239 1071 curas,
1251 1030 1438 1071 immemor,
1450 1029 1541 1064 nullo

335 1091 448 1132 modo,
472 1091 555 1124 sicut
578 1090 742 1132 hactenus,
768 1099 987 1131 conservator,
1003 1089 1122 1124 curabo
1136 1090 1259 1124 cunctis
1278 1089 1428 1124 remediis
1448 1089 1541 1124 reha-

335 1149 409 1183 bere
432 1159 590 1193 speroque
614 1148 758 1182 futurum
784 1158 817 1182 ut
841 1160 916 1182 cum
940 1147 1054 1182 rubore
1078 1147 1173 1182 facias
1197 1147 1284 1193 quod
1314 1160 1389 1182 curn
1414 1148 1540 1182 honore

334 1205 438 1240 facere
461 1206 602 1240 noluisti.
657 1205 826 1250 responde,
858 1216 981 1250 precor,
1005 1215 1036 1239 et
1067 1205 1247 1250 antiquiora
1271 1205 1328 1239 tibi
1355 1206 1419 1239 sint
1441 1205 1538 1247 fama,

335 1265 433 1299 decus
460 1274 493 1298 et
523 1265 668 1298 amicicia
693 1275 792 1309 quam
822 1264 969 1309 pecunia,
994 1275 1094 1308 quam
1121 1275 1188 1297 non
1222 1274 1313 1308 potes
1339 1265 1408 1298 sine
1438 1264 1538 1309 turpis

334 1322 572 1367 ingratitudinis
583 1331 661 1356 nota
674 1334 778 1367 neque
791 1321 910 1367 absque
922 1321 1041 1355 scelere
1053 1322 1199 1355 retinere.
1239 1321 1413 1363 Florentie,
1425 1331 1539 1367 quarto

334 1380 486 1415 kalendas
510 1380 711 1426 septembris.

882 1506 993 1540 XVII.

693 1583 722 1616 A
754 1582 911 1616 Pmrao
946 1581 1112 1616 Tuncffl
1129 1581 1174 1616 (¹).

835 1657 895 1693 [N²,
905 1666 926 1685 c.
941 1665 990 1691 140
1000 1658 1037 1693 3.]

801 1733 898 1767 Petro
926 1732 1073 1767 Turcho.

418 1821 466 1844 11³1
490 1810 659 1855 epistolam
683 1819 784 1850 tuam,
808 1809 854 1843 fili
882 1810 1058 1851 karissime,
1082 1821 1180 1854 quam
1208 1809 1248 1843 ad
1275 1808 1411 1843 alterum
1435 1808 1539 1843 filiurn

336 1818 414 1902 V
433 1881 545 1903 meum
569 1870 702 1903 Petrum
725 1881 775 1902 ser
799 1869 882 1902 Mini
901 1867 1014 1913 grandi
1034 1868 1114 1902 serie
1131 1867 1309 1909 destinasti3
1326 1879 1389 1912 qua
1407 1866 1539 1912 quidem

327 1928 436 1966 *multa
460 1928 539 1962 dicis
564 1938 596 1962 et
619 1927 659 1961 de
691 1927 842 1961 brevibus
873 1926 1018 1971 capitulis
1049 1926 1089 1960 ad
1113 1925 1333 1960 lassitudinem
1358 1925 1539 1971 legentium

389 2032 411 2056 3.
421 2024 452 2048 R¹
462 2026 490 2048 ad
495 2032 540 2055 per
547 2026 566 2048 1'1
571 2025 691 2048 secondo:
746 2026 767 2048 8,
778 2023 808 2048 R¹
817 2025 916 2054 innanzi
922 2031 938 2047 α
948 2027 1013 2052 cepta
1020 2030 1084 2053 pone
1093 2024 1154 2047 fectu
1205 2031 1239 2047 ιο.
1249 2022 1279 2046 R'
1290 2023 1371 2046 delebo
1419 2029 1455 2053 13.
1466 2021 1498 2046 12¹
1508 2023 1539 2046 nit

333 2112 388 2130 non
402 2103 424 2130 si
440 2105 506 2130 curo
520 2103 565 2139 piu
578 2103 604 2130 di
618 2112 716 2139 pagare
729 2103 755 2130 al
767 2103 795 2130 S.
808 2110 911 2139 quanto
958 2103 1042 2131 Carlo
1062 2103 1220 2136 Malatesta3
1239 2102 1258 2130 il
1277 2102 1329 2129 che
1343 2102 1368 2129 ci
1381 2101 1492 2138 impone
1510 2102 1537 2128 di

334 2146 464 2173 dovevaa
476 2146 514 2173 lui
529 2146 563 2173 ed
574 2146 600 2173 al
613 2147 718 2182 padron
732 2146 776 2173 del
789 2145 911 2179 cavallo;
956 2147 1084 2174 ritenerla
1094 2147 1247 2183 posteriore
1256 2146 1283 2173 al
1295 2154 1378 2180 14oo;
1391 2145 1425 2173 cf.
1432 2153 1536 2182 ep.xm

334 2194 469 2224 contegno
493 2194 624 2215 scorretto
645 2188 696 2215 che
715 2188 752 2224 gli
774 2188 848 2215 valse
866 2188 911 2215 dal
957 2190 982 2216 di
1003 2195 1100 2225 questo
1125 2189 1202 2222 libro,
1224 2188 1321 2224 p.518.
1358 2188 1389 2215 lu
1413 2188 1536 2216 secondo

333 2237 435 2265 nostro,
444 2232 624 2266 giustamente
638 2230 748 2263 irritato,
760 2237 855 2267 questa
869 2239 911 2258 so-
956 2232 1042 2267 luogo
1061 2233 1106 2268 poi
1128 2231 1270 2264 Coluccio,
1288 2231 1361 2267 dopo
1380 2239 1444 2258 avet
1467 2231 1537 2258 ami-

333 2272 413 2299 lenne
432 2272 544 2300 lezione.
958 2274 1148 2302 chevolmente
1168 2273 1366 2301 addimostrata
1381 2273 1408 2300 al
1429 2272 1536 2300 caucel-

369 2315 412 2350 (ι)
436 2315 486 2342 Pin
511 2315 536 2342 d'
547 2324 583 2342 un
608 2315 708 2342 indizio
737 2315 762 2342 ci
785 2323 911 2343 soccorre
957 2316 1007 2343 lier
1017 2317 1145 2344 riminese
1155 2315 1181 2343 la
1194 2317 1304 2352 propria
1317 2315 1476 2352 meraviglia
1487 2323 1536 2352 per

333 2364 389 2385 atto
410 2367 425 2385 a
445 2359 609 2385 determinat
633 2358 659 2384 la
681 2358 743 2385 data
760 2358 831 2385 dena
851 2366 911 2394 pre·
957 2359 982 2385 la
1001 2358 1095 2385 lettera
1113 2358 1147 2385 da
1166 2358 1204 2385 lui
1224 2359 1315 2385 scritta
1330 2367 1346 2385 a
1361 2357 1441 2385 Piero
1453 2357 1480 2384 di
1492 2365 1536 2385 ser

332 2406 417 2427 sente.
455 2400 495 2427 Ed
514 2400 622 2427 innanzi
642 2406 713 2427 tutto
729 2399 748 2426 il
761 2399 863 2427 Tui-chi
877 2400 910 2427 ri-
956 2401 1033 2428 Mino
1052 2401 1096 2428 all·
1107 2401 1211 2428 intento
1224 2401 1250 2427 di
1265 2400 1448 2428 allontanarlo
1462 2399 1536 2436 dagli

333 2442 401 2470 sulta
418 2443 451 2469 da
467 2451 526 2470 essa
542 2443 587 2479 gia
603 2449 711 2479 passato
725 2443 750 2470 ai
764 2443 863 2479 servigi
882 2443 910 2470 di
956 2443 1026 2470 studi
1043 2442 1170 2470 filosofici
1186 2451 1200 2470 e
1213 2443 1321 2478 poetici,
1337 2441 1376 2477 gli
1391 2442 1536 2470 comunien

1573 914 1613 938 10

1572 1206 1610 1240 15

1566 1586 1611 1611 20

1566 1933 1606 1967 25
