1682 2762
81 392 115 406 mn
132 392 169 413 per
185 391 222 405 nr·
236 391 297 412 nppn-

82 419 119 440 gar
133 419 174 433 non
189 413 230 439 pud
241 413 267 432 ne
277 411 296 432 1·

82 440 164 467 propria
178 441 204 459 ne
219 438 239 459 ln
252 438 297 459 bn-

82 468 149 487 ιιιοιίι
166 466 213 486 dell'
221 466 297 486 ιτς-,ἰπ-

83 500 155 514 ncovo.

110 521 172 541 Forse
180 520 202 540 lo
209 520 254 540 fari
264 520 298 546 piu

84 548 148 567 tardi:
173 549 253 567 intanto
281 546 298 566 si

84 574 205 621 εοιιςιὲιιψΙι
211 580 260 605 seco
265 572 298 592 del

85 608 124 621 suo
149 608 198 621 eice
209 606 298 624 ritorno,

84 628 138 648 den·
168 628 299 655 rincquisnu

85 655 133 675 sede

85 689 96 702 e
109 689 167 709 sper·
186 681 224 701 che
243 680 299 701 nulla

86 710 133 729 nvri
145 709 229 736 perduto
240 715 251 728 e
261 707 299 727 che

85 736 92 756 i
111 735 196 756 terribili
219 735 299 755 avveni-

85 763 150 783 menti
164 763 218 789 dopo
231 761 246 782 il
260 768 299 782 nuo

86 789 301 837 5:32·¹³1÷³215:5¹:¹.”<i

85 824 155 864 must}
168 831 278 863 :iahad-⁶¹1.

113 870 149 891 Gli
167 870 301 891 rnccomnndn

87 898 119 925 poi
148 898 168 917 di
195 897 302 917 mostnrsi

87 925 228 952 magnanimo,
272 923 302 943 di-

87 952 217 972 mentiendo
235 950 255 971 le
270 950 302 971 οἰ-

88 978 131 1000 fese
143 979 177 1006 gil
189 978 287 999 ricevute.

90 1197 304 1247 massam}

86 1253 234 1281 longnnimitd,

90 1321 112 1342 lo
133 1328 195 1348 preg-
214 1320 236 1340 d'
249 1326 305 1340 esser

91 1348 211 1376 indulgente
243 1353 305 1368 veno

92 1375 184 1396 Antonio
213 1374 305 1395 anini

322 246 388 289 498
749 251 1096 280 EPISTOLARIO

327 378 495 411 michimet
519 388 645 410 morem
669 388 780 421 gerere
799 388 859 410 nec
883 376 1048 420 cupiditati
1073 375 1179 409 forsan
1198 376 1378 410 reverentie
1409 385 1463 409 tue
1483 387 1528 410 sa-

328 436 472 470 tisfacere
492 448 557 469 non
584 447 729 480 possum.
776 435 864 479 quod
879 444 989 468 autem
1006 434 1130 468 differre
1146 435 1248 468 nolim
1269 444 1300 468 et
1319 445 1444 468 moram
1461 445 1528 468 non

327 495 439 538 recipit
463 493 495 527 id
524 495 696 537 attingam3
733 493 820 533 alias,
851 505 926 526 cum
961 492 1141 537 expeditior
1164 504 1232 534 ero,
1255 505 1318 537 que
1343 493 1530 537 cogitabam

327 553 512 587 edisseram.
560 552 687 586 interim
711 562 820 586 autem
845 551 989 596 gratulor
1010 551 1098 596 quod
1126 551 1165 585 ad
1189 560 1280 585 tuam
1299 551 1467 586 ecclesiam
1486 552 1530 585 sis

327 613 492 646 restitutus
517 621 612 656 atque
635 622 782 656 receptus
807 620 839 644 et
871 611 960 656 quod
990 611 1023 644 in
1054 622 1193 655 regnum
1223 620 1290 644 tam
1315 610 1399 644 facili
1421 610 1531 645 labore

327 682 472 705 reversus
489 670 585 704 fueris
599 683 607 711 ;
628 682 722 715 spero
738 670 795 704 tibi
810 679 865 703 tua
878 670 965 703 salva
979 669 1077 703 fuisse
1093 679 1124 704 et
1135 669 1291 714 quoniam
1311 669 1404 703 bonis
1420 670 1531 703 omnia

329 738 545 773 cooperantur
569 729 603 762 in
635 728 770 769 bonum,
794 727 947 773 quicquid
971 737 1084 772 postea
1107 728 1260 761 novitatis
1279 728 1421 768 emersit,
1444 726 1532 772 quod

329 799 487 832 magnum
510 786 712 831 terribileque
725 786 868 827 refertur,
887 798 954 819 non
972 785 1103 830 ambigo
1123 786 1154 819 in
1171 786 1218 819 tui
1237 794 1337 819 status
1354 797 1532 831 augumen-

330 855 399 879 tum
420 855 451 880 et
471 845 622 879 columen
648 856 831 878 evasurum.
878 855 982 878 unum
1007 843 1174 878 continere
1198 855 1265 878 non
1279 855 1424 888 possum,
1443 843 1532 889 quod

330 903 570 937 nobilissimum
594 913 626 937 et
650 903 751 937 altum
776 902 917 937 vindicte
937 914 1039 947 genus
1064 912 1111 936 est
1133 913 1264 947 parcere
1287 903 1457 947 sepiusque
1481 914 1533 936 ce-

331 961 423 995 dibus
447 971 479 996 et
502 961 663 1006 sanguine
687 961 881 1005 suspitiones
905 970 937 995 et
959 960 1098 1005 pericula
1118 972 1260 994 crescere
1283 971 1381 1005 quarn
1401 959 1533 1002 auferti;

331 1021 420 1054 cuius
445 1020 490 1054 rei
514 1020 606 1054 vobis
631 1020 782 1065 exemplo
799 1019 936 1054 sufficiat
951 1031 1008 1053 rex
1025 1019 1188 1064 depositus
1209 1029 1240 1053 et
1259 1019 1430 1053 extinctus.
1473 1019 1534 1054 hec

331 1090 418 1113 nunc
442 1078 528 1112 satis.
577 1078 664 1120 alias,
690 1090 764 1112 cum
784 1078 1016 1112 firmitudinem
1032 1077 1127 1112 rebus
1142 1087 1266 1123 partam
1285 1078 1420 1118 scivero,
1439 1076 1534 1111 latius

333 1137 475 1171 conabor
493 1137 658 1181 attingere.
1045 1125 1049 1133 ¹

397 1197 495 1230 Nunc
516 1205 634 1237 autem,
652 1206 727 1229 cum
760 1195 883 1239 optime
903 1204 1015 1229 nature
1031 1195 1071 1228 sit
1089 1194 1310 1239 quammultos
1328 1193 1436 1228 salvos
1451 1193 1534 1228 velle

331 1263 555 1299 quotquotque
579 1255 722 1298 potueris
742 1263 812 1288 tum
828 1265 956 1298 parcere
975 1263 1046 1288 tum
1061 1253 1223 1297 prodesse,
1242 1264 1303 1287 nec
1317 1252 1462 1287 dubitem
1480 1251 1534 1286 be-

331 1314 526 1358 nignitatem
549 1321 639 1346 tuam
664 1312 723 1346 hac
749 1312 971 1346 moderatione
995 1313 1028 1346 in
1059 1312 1142 1346 illius
1178 1322 1232 1346 tue
1256 1311 1417 1346 felicitatis
1440 1322 1535 1345 cursu

332 1383 460 1416 semper
484 1382 590 1412 usum,
614 1371 726 1412 velim,
750 1371 896 1412 obsecro,
921 1370 1010 1415 quod
1030 1371 1212 1405 Antonium
1231 1369 1271 1404 de
1296 1369 1472 1410 Manninis,
1487 1370 1536 1404 vi·

389 1494 407 1510 1.
423 1486 460 1510 Μ2
470 1486 502 1510 G¹
513 1491 552 1510 tue
561 1494 634 1510 rever.

333 1529 447 1549 omeltono
457 1533 510 1549 cum
569 1527 602 1549 16.
612 1525 643 1549 L³
654 1526 733 1549 dubito

333 1629 397 1650 nato
416 1623 444 1650 in
460 1622 566 1658 seguito
579 1631 594 1650 a
608 1623 703 1650 cotesti
718 1623 814 1658 grandi
827 1623 860 1650 ed
873 1624 914 1650 in-

333 1666 432 1702 sperati
457 1666 640 1701 rivolgimenti
667 1666 713 1701 piu
739 1671 864 1702 possente
887 1666 914 1693 di

334 1709 431 1744 prima,
450 1708 579 1734 rientrato
593 1708 621 1734 in
638 1716 762 1744 possesso
782 1707 915 1735 dell’arci-

334 1750 487 1778 vescovado
495 1749 644 1785 carpitogli,
650 1750 668 1776 il
678 1749 698 1776 F
701 1749 828 1776 itz-Alain
836 1749 914 1776 diede

334 1801 418 1830 prova
440 1792 511 1819 della
537 1793 639 1820 nobilta
659 1793 722 1820 dell’
734 1794 827 1819 animo
853 1801 913 1825 suo,

335 1836 473 1863 facendosi
489 1835 668 1862 intercessore
683 1843 776 1871 presso
791 1835 809 1862 il
822 1843 914 1861 nuovo

334 1887 362 1905 re
369 1878 440 1905 della
451 1878 540 1914 grazia
554 1878 580 1904 di
591 1878 718 1914 Roggero
730 1878 855 1911 Walden,
863 1878 914 1905 che

335 1920 460 1956 avevagli
471 1920 540 1947 tolto
553 1920 571 1947 il
586 1920 682 1956 seggio
696 1920 723 1946 di
743 1920 914 1956 Canterbury

334 1971 390 1990 non
410 1962 480 1996 solo,
499 1971 545 1989 ma
569 1963 742 1998 impetrando
766 1963 857 1990 altresi
877 1963 916 1990 al-

334 2006 352 2033 l’
364 2005 475 2032 avvilito
495 2005 578 2032 rivale
594 2005 620 2032 la
640 2005 704 2032 sede
720 2005 872 2041 episcopale
888 2006 914 2032 di

337 2048 452 2083 Londra‚
461 2047 631 2083 suffraganea
638 2047 709 2075 della
719 2049 832 2084 propria.
871 2048 914 2076 Cf.

334 2090 502 2123 Wfflmrou,
515 2091 583 2117 Hist.
595 2090 625 2117 de
634 2091 705 2126 episc.
718 2094 740 2117 et
752 2091 836 2117 decan.
850 2091 916 2117 Lon-

335 2133 426 2160 dinms.
435 2137 459 2160 et
468 2134 599 2161 Assavens.
608 2142 624 2160 a
633 2135 720 2169 prima
729 2134 778 2161 sed.
786 2138 833 2161 μιν.
839 2133 914 2170 fund.

335 2176 368 2203 ud
392 2185 416 2203 a.
440 2184 510 2212 1540,
529 2176 654 2208 Londini‚
682 2175 758 2212 1695,
780 2185 806 2211 p.
830 2184 879 2212 149
899 2185 914 2203 e

337 2218 430 2252 Gms,
453 2219 506 2246 Ser.
534 2220 639 2255 episcop.
665 2228 690 2255 p.
720 2226 777 2254 194.
814 2219 875 2254 Egli
899 2220 914 2245 e

337 2261 431 2297 quindi
455 2261 583 2288 credibile
606 2261 658 2288 che
682 2261 739 2297 pari
764 2261 914 2297 generosita

337 2303 414 2330 abbia
447 2303 608 2330 dimostrata
638 2304 727 2331 anche
758 2303 915 2331 coll’umile

336 2352 498 2378 strumento,
522 2346 549 2372 di
577 2347 621 2373 cui
649 2346 668 2373 il
693 2346 811 2373 Walden
837 2346 915 2374 s’era

337 2389 447 2424 giovato
459 2397 505 2424 per
518 2390 676 2424 conseguire
692 2389 719 2416 in
735 2396 810 2416 corte
822 2389 849 2416 di
864 2389 915 2416 Ro·

337 2440 382 2458 ma
401 2432 409 2458 i
425 2433 485 2459 suoi
501 2432 558 2465 fini,
571 2432 776 2468 quell'Antonio
791 2432 914 2459 Mannini

701 1494 724 1516 7.
740 1486 853 1510 L²M³G¹
869 1491 1021 1516 cooperentur

791 1527 826 1550 18.
841 1526 872 1548 L'
887 1526 988 1549 Maninis

1090 1487 1142 1516 8-9.
1152 1485 1189 1509 Μ’
1200 1492 1346 1516 augmentum
1412 1491 1447 1515 ¹5·
1458 1484 1535 1508 M²G¹

959 1622 1028 1655 doe,
1041 1621 1085 1648 del
1103 1621 1183 1657 quale
1202 1620 1221 1647 il
1239 1621 1313 1647 buon
1326 1619 1462 1648 Coluccio
1479 1619 1504 1647 si
1522 1621 1538 1646 ὲ

958 1665 1026 1692 fatto
1045 1666 1091 1701 qui
1111 1664 1252 1691 difensore.
1455 1694 1458 1697 ,

996 1707 1072 1735 Sulla
1080 1708 1141 1734 data
1149 1707 1219 1734 della
1226 1712 1352 1742 presente
1359 1714 1426 1733 ecco
1435 1703 1538 1742 duanto

958 1750 1080 1787 possiam
1092 1750 1156 1777 dire.
1195 1749 1256 1777 Che
1269 1757 1329 1776 essa
1339 1749 1379 1776 sia
1392 1748 1539 1784 posteriore

959 1792 984 1819 al
1002 1800 1034 1826 14
1047 1791 1167 1819 febbraio
1179 1791 1223 1818 del
1243 1798 1309 1824 1400
1323 1799 1354 1818 ce
1369 1799 1404 1818 ne
1417 1790 1452 1816 da
1464 1790 1539 1817 chia·

958 1835 1065 1862 rissimo
1094 1843 1180 1871 segno
1207 1834 1226 1861 l’
1239 1834 1372 1861 allusione
1394 1833 1447 1860 alla
1466 1838 1539 1860 sorte

958 1879 985 1905 di
1011 1887 1040 1905 re
1068 1878 1212 1910 Riccardo,
1239 1877 1259 1904 il
1286 1877 1365 1912 quale
1393 1877 1450 1912 peri
1475 1876 1539 1912 quel

959 1921 1058 1956 giorno
1077 1921 1105 1947 in
1126 1919 1247 1955 Langley
1266 1928 1291 1951 e,
1310 1917 1486 1946 secondoche
1504 1926 1540 1945 ne

960 1971 1038 1990 corse
1057 1962 1139 1995 fama,
1152 1963 1179 1989 di
1194 1968 1283 1989 morte
1295 1961 1423 1988 violenta.
1460 1961 1495 1988 D’
1501 1961 1540 1988 al·

960 2012 1001 2032 tra
1020 2011 1095 2040 parte
1113 2004 1177 2032 nell’
1191 2004 1284 2031 ultima
1304 2003 1427 2039 epistola,
1446 2002 1497 2030 che
1515 2002 1541 2030 ci

960 2050 1085 2084 rimanga
1103 2048 1196 2075 scritta
1209 2047 1253 2074 dal
1272 2053 1367 2074 nostro
1383 2045 1428 2073 all’
1439 2047 1541 2073 arcive-

961 2100 1044 2119 scovo
1055 2091 1170 2126 inglese,
1179 2090 1206 2117 la
1216 2090 1296 2126 quale
1304 2094 1392 2125 spetta
1400 2089 1426 2116 al
1434 2096 1468 2124 27
1478 2097 1543 2124 gen-

961 2134 1025 2162 naio
1047 2142 1123 2169 1403,
1141 2134 1164 2160 si
1183 2133 1274 2160 allude
1293 2131 1346 2159 alla
1370 2137 1494 2168 presente
1513 2132 1540 2158 in

961 2177 1037 2213 guisa
1056 2177 1089 2203 da
1102 2176 1200 2203 lasciar
1213 2175 1322 2202 credere
1341 2174 1385 2201 ch‘
1395 2182 1456 2201 essa
1467 2173 1542 2200 fosse

961 2225 1030 2246 stata
1050 2219 1142 2245 scritta
1160 2217 1306 2253 parecchio
1332 2222 1426 2252 tempo
1445 2215 1541 2252 prima.

962 2261 1070 2294 Sicche,
1085 2261 1203 2288 tenendo
1227 2259 1319 2287 altresi
1342 2258 1446 2286 calcolo
1470 2257 1542 2285 delle

961 2303 1054 2340 parole
1073 2311 1125 2330 con
1145 2303 1188 2330 cui
1203 2301 1339 2330 Coluccio
1351 2309 1472 2328 accenna
1487 2299 1541 2327 alle

962 2346 1115 2374 conditioni
1142 2353 1226 2372 ancor
1250 2345 1357 2371 turbate
1384 2343 1430 2370 del
1447 2350 1540 2378 regno,

961 2390 986 2416 ci
1005 2398 1053 2425 par
1069 2389 1104 2416 da
1125 2388 1289 2415 concludere
1311 2387 1361 2413 che
1381 2394 1441 2413 essa
1460 2385 1540 2420 spetti

961 2431 1143 2459 sicuramente
1159 2430 1213 2458 alla
1232 2427 1382 2466 primavera
1397 2428 1442 2456 del
1463 2435 1539 2461 ¹40¹·

1564 913 1604 937 10

1566 1204 1602 1237 15
