1682 2762
69 870 108 895 10

66 1162 104 1196 15

59 1449 102 1474 20

57 1743 97 1777 25

56 2032 98 2066 30

418 216 467 243 D1
498 215 760 243 COLUCCIO
793 214 1063 243 SALUTATI.
1272 217 1328 250 171

143 349 278 372 uxorem
300 338 416 372 habere
440 346 472 371 et
494 337 629 372 divitem
653 349 732 371 esse.
778 338 898 372 horum
922 339 1020 371 trium
1043 349 1144 371 unum
1170 338 1230 371 sibi
1255 349 1332 372 con-

141 396 225 440 tigit,
247 405 283 429 ut
305 396 580 440 consanguineam
602 396 722 429 scilicet
735 407 854 436 meam,
867 395 1037 430 mulierum
1058 395 1331 438 honestissimam,

140 452 270 487 haberet
286 464 439 494 uxorem;
465 465 563 498 quam
576 453 652 487 licet
662 465 790 487 summe
802 453 958 497 diligeret,
976 453 1080 487 dicere
1092 454 1206 488 solitus
1219 464 1330 489 tamen

139 521 216 553 erat,
240 523 307 546 non
322 512 409 546 lusus
427 512 636 546 solummodo
655 513 767 556 gratia,
785 512 841 545 sed
862 513 957 546 etiam
976 513 1069 554 serio,
1085 514 1111 546 si
1130 513 1251 558 reliqua
1266 514 1331 548 duo

139 569 199 603 alia
222 571 327 603 forent
347 570 381 603 in
404 570 488 604 votis
511 581 580 604 esse
603 571 680 610 suis,
704 581 870 615 nunquam
889 582 925 604 ea
949 570 1007 604 sibi
1032 583 1066 604 se
1093 572 1175 605 velle
1200 574 1327 606 contin-

1382 628 1452 650 ‘reno
1466 630 1494 650 im
1509 630 1546 650 nro
1559 636 1572 650 a

137 638 223 671 gere.
287 627 416 661 credant
440 628 536 672 igitur
557 628 602 661 illi
625 628 772 662 similiter
794 637 827 661 et
849 628 1015 662 Theseum
1040 629 1254 670 admonitum,
1285 642 1326 664 ne
1354 662 1396 676 m
1410 636 1531 683 “mmgffi
1540 656 1571 676 οι,

137 685 245 719 divine
253 686 354 730 gratie
365 686 521 730 promissa
533 685 661 719 deberet
675 686 804 719 ulterius
817 686 961 730 experiri,
974 695 1144 730 postquam
1163 688 1196 721 in
1209 689 1326 732 primo,
1354 682 1420 734 3⁸¹3*
1427 682 1526 729 42⁰¹,ssssss
1535 683 1571 736 ἐξ

1354 735 1431 762 prend·
1458 742 1469 756 ι
1498 741 1570 756 ποειτ-

135 743 218 777 sicut
239 744 338 787 petiit,
354 743 530 784 exauditus,
548 754 714 789 perpetuas
732 745 855 778 invenit
869 744 1013 778 lacrimas
1028 755 1059 778 et
1078 757 1247 780 merorem.
1294 756 1326 780 et
1354 762 1458 815 ἷέἓῃέε
1465 762 1568 817 32¹1?ss

135 812 196 835 nos
215 813 289 835 cum
305 801 548 836 Atheniensium
568 803 709 847 principe
733 802 934 837 addiscamus
954 803 1043 836 nullo
1058 804 1158 837 modo
1175 805 1325 849 malignis
1353 815 1388 836 riti
1401 815 1494 842 margar.

133 859 195 893 illis
217 859 376 904 spiritibus
401 860 538 901 credere,
562 861 616 906 qui
641 872 708 894 non
738 861 932 906 respondent
964 863 1025 895 nisi
1054 874 1120 906 quo
1154 863 1324 908 decipiant,

134 930 195 952 nec
213 918 383 963 aliquando
397 931 471 953 vera
485 919 649 964 proferunt
663 920 725 954 nisi
743 932 809 965 quo
833 921 886 954 via
911 921 1029 955 tutiore
1048 921 1244 956 subvertant.
1292 932 1325 957 et

133 976 194 1010 ista
217 975 256 1010 de
275 976 407 1010 Theseo
430 976 600 1011 sufficiant.

198 1033 296 1068 Nunc
319 1035 448 1068 veniam
473 1034 512 1068 ad
537 1034 722 1070 Camillum.
763 1036 798 1069 in
812 1047 875 1080 qua
898 1036 1029 1080 quidem
1048 1049 1082 1070 re
1101 1037 1197 1071 video
1216 1049 1323 1072 mores
1350 1039 1516 1088 „3532ssssAE
1525 1041 1564 1089 ᾖ·

132 1100 164 1124 et
186 1091 376 1135 opinionem
399 1100 579 1136 corruptam
602 1093 702 1126 nostri
727 1094 881 1137 temporis
911 1093 1070 1127 deterrere
1094 1103 1125 1127 te
1149 1106 1189 1128 ne
1213 1095 1322 1129 credas
1350 1093 1562 1147 ξξξζῗέξῆξξῒξῑ

131 1149 238 1182 virum
261 1149 370 1183 multis
393 1149 539 1183 functum
555 1149 732 1184 honoribus
751 1159 793 1191 et,
808 1150 896 1195 quod
915 1151 988 1185 fons
1011 1151 1194 1196 eloquentie
1210 1153 1322 1187 Livius
1349 1152 1462 1198 ᾎᾜξωῆζζ
1479 1148 1561 1195 ‘32¹‘ss

131 1215 313 1241 constanter
336 1206 484 1248 affirmat,
508 1207 619 1242 ordine
641 1208 820 1252 patricium,
842 1210 906 1242 ruri
930 1220 1062 1253 operam
1085 1209 1222 1251 dedisse,
1246 1223 1321 1245 cum
1348 1199 1561 1273 ῗιὲἷρῖζίιὶῗέᾞῗ

1348 1259 1368 1272 m
1397 1259 1450 1274 ml.

129 1263 296 1299 videamus
315 1265 525 1309 agricolatum
543 1266 625 1299 inter
642 1274 804 1310 postrema
823 1275 854 1300 et
871 1267 1007 1300 omnino
1027 1267 1156 1302 sordida
1170 1270 1320 1313 reputari,

129 1321 217 1367 quod
239 1333 307 1356 non
331 1323 503 1356 convenire
518 1322 645 1357 videtur
659 1332 708 1356 tot
724 1323 918 1368 dignitatum
934 1324 1033 1359 titulis
1049 1326 1320 1372 patriciorumque

129 1378 273 1420 lauticie3
305 1379 566 1425 rarissimumque
589 1389 680 1424 putas
714 1381 944 1415 Cincinnatum
976 1382 1015 1415 ab
1039 1391 1142 1416 aratro
1166 1393 1319 1417 vocatum

130 1435 170 1469 ad
193 1437 313 1471 curiam
335 1447 367 1471 et
390 1437 563 1471 Serranum
579 1438 753 1483 agricolam
764 1438 811 1472 (¹).
857 1449 923 1472 non
947 1439 1062 1483 legisti,
1085 1440 1166 1474 sicut
1193 1441 1319 1485 opinor,

130 1493 356 1536 Columellam,
379 1496 433 1540 qui
449 1495 622 1528 molliciem
637 1507 770 1529 suorum
784 1505 968 1540 temporum
992 1508 1203 1541 conquerens,
1215 1499 1319 1543 inquit
1345 1500 1559 1549 'uffhffiffgid‘i‘g

127 1553 282 1588 librorum
293 1555 349 1589 De
372 1566 417 1599 ag
427 1556 458 1589 ri
468 1567 484 1589 c
493 1568 513 1589 u
522 1555 580 1589 ltu
589 1567 604 1589 r
614 1567 631 1589 a
654 1556 770 1600 primo:
788 1566 820 1590 at
834 1557 1042 1598 mehercules,
1053 1558 1157 1602 inquit
1169 1559 1232 1599 ille,
1242 1571 1317 1594 vera
1344 1559 1471 1601 32:222,ss
1487 1561 1558 1602 g’mss}

127 1610 179 1645 illa
209 1612 339 1647 Romuli
368 1612 471 1657 proles
503 1613 636 1647 assiduis
660 1613 886 1648 venationibus
917 1626 975 1648 nec
1000 1615 1107 1649 minus
1139 1615 1317 1660 agrestibus
1345 1606 1522 1662 Ϊῐῗὲἶὶῳξῖζρξ
1538 1609 1559 1629 ¹⁸

128 1669 277 1714 operibus
299 1671 478 1711 exercitata,
497 1670 686 1705 firmissimis
709 1671 865 1716 prevaluit
887 1672 1082 1717 corporibus,
1107 1685 1143 1707 ac
1166 1674 1315 1708 militiam

127 1726 211 1768 belli,
236 1739 310 1761 cum
333 1739 382 1762 res
403 1729 586 1772 postulavit,
610 1729 699 1763 facile
722 1731 871 1764 sustinuit
898 1730 1009 1765 durata
1032 1732 1117 1776 pacis
1145 1731 1316 1774 laboribus,

126 1796 313 1830 semperque
328 1786 478 1820 rusticam
494 1786 621 1831 plebem
636 1787 755 1822 urbane
770 1789 944 1833 preposuit.
987 1789 1047 1823 illis
1066 1790 1165 1831 enim,
1183 1791 1228 1824 uti
1244 1800 1317 1835 post

126 1855 226 1887 pauca
255 1843 379 1885 subicit,
403 1845 610 1889 temporibus,
634 1855 670 1880 ut
692 1855 765 1880 ante
795 1847 860 1880 iam
884 1847 1035 1888 diximus,
1065 1859 1212 1892 proceres
1236 1850 1315 1883 civi—

125 1900 197 1934 tatis
214 1901 248 1934 in
267 1902 349 1945 agris
373 1902 598 1936 morabantur:
622 1913 654 1937 et
677 1915 751 1937 cum
775 1904 945 1938 consilium
969 1904 1132 1949 publicum
1157 1905 1315 1940 desidera-

125 1957 226 1999 batur,
246 1970 264 1992 a
286 1959 368 1993 villis
391 1961 425 1994 in
451 1970 598 1994 senatum
626 1961 875 1996 accersebantur.
929 1974 969 1996 ex
992 1975 1058 2007 quo
1080 1964 1134 2008 qui
1158 1974 1213 1997 eos
1238 1975 1315 1997 evo-

125 2015 238 2050 cabant
261 2017 398 2051 viatores
421 2019 579 2052 nominati
602 2028 686 2052 sunt.
733 2019 792 2053 hec
817 2020 998 2054 Columella
1015 2021 1116 2054 solide
1141 2030 1172 2054 et
1191 2030 1313 2062 ornate,

123 2073 180 2108 sed
194 2074 291 2119 longe
303 2086 380 2108 vero
394 2086 492 2120 quam
506 2075 616 2110 floride
634 2077 758 2121 scripsit
767 2077 813 2111 (²).
859 2087 946 2112 tanta
965 2079 1095 2123 quidem
1108 2079 1217 2123 priscis
1231 2088 1312 2112 tem-

123 2131 253 2176 poribus
276 2132 322 2167 rei
352 2134 467 2168 rustice
490 2133 575 2179 apud
608 2135 774 2170 Romanos
798 2137 968 2170 auctoritas
993 2146 1182 2181 tantumque
1213 2136 1312 2170 decus

177 2217 214 2240 3⁰.
231 2210 339 2241 viatura]
354 2211 408 2234 Cod-
423 2211 520 2234 malore-

159 2282 200 2317 (ι)
218 2282 262 2310 Cf.
280 2282 371 2311 Vno.
390 2284 454 2312 Am.
473 2284 520 2318 VI,
538 2285 599 2318 8⁴4·
740 2285 842 2318 satio.
866 2294 964 2322 17-19;
983 2294 1028 2313 ma
1042 2285 1060 2312 il
1073 2292 1142 2313 testo
1154 2286 1266 2322 vulgato
1279 2286 1314 2313 da

158 2325 202 2359 (a)
220 2324 251 2352 L.
270 2325 291 2352 1.
309 2325 385 2354 Mon.
405 2326 592 2359 Commta.
611 2327 650 2355 De
669 2338 695 2355 rc
740 2337 761 2355 r.
784 2336 814 2364 ²3
836 2338 850 2353 ι
862 2328 1002 2356 venatibus
1014 2339 1028 2354 ι
1048 2337 1063 2355 e
1088 2337 1109 2356 r.
1126 2336 1160 2365 29
1182 2338 1197 2354 α
1209 2337 1224 2356 e
1242 2328 1313 2356 villis

123 2368 226 2400 natica,
240 2367 285 2396 lib.
299 2368 322 2402 1,
339 2367 387 2396 Ad
406 2369 436 2396 P.
456 2369 581 2397 Silvin.
601 2370 695 2398 Prae·
742 2368 968 2398 «arcessebantur’
985 2371 1012 2397 in
1031 2378 1088 2398 sen.
1099 2380 1122 2398 ».
