1708 2774
85 945 126 970 10

88 1232 124 1266 ¹5

84 1522 128 1548 20

85 1817 128 1852 25

86 2102 129 2136 30

415 289 464 316 Dl
499 287 763 317 COLUCCIO
794 285 1072 316 SALUTATI.
1327 287 1347 320 7

149 413 262 450 effluet
276 414 383 459 igitur,
397 422 432 447 ut
445 412 578 458 promisi
592 412 638 446 (¹).
685 411 764 446 dicis
783 411 922 453 etenim;
937 411 1027 456 quasi
1042 410 1108 444 iam
1122 409 1350 454 sexagenarius

150 473 270 507 amoris
291 481 324 506 et
342 471 561 506 humanomm
577 469 750 504 affectuum
769 470 954 514 inexpertus
970 470 1049 511 sim3
1065 479 1107 510 te,
1127 477 1162 503 ut
1181 467 1282 502 ferme
1296 476 1351 501 tua
1379 476 1393 490 ⁰

151 529 246 565 verba
270 529 418 571 τεὶεῐιω,
440 540 548 563 amare
572 540 672 563 unam
697 540 736 562 ex
753 528 988 562 honestissimis
1007 526 1212 568 dominabus,
1227 537 1290 571 que
1302 525 1351 559 vi-

150 599 230 624 vant
252 589 287 623 in
308 587 386 622 orbe
410 597 466 622 aut
488 587 628 622 vixerint
651 598 808 632 unquam,
825 586 933 621 redeat
955 587 989 621 in
1008 587 1116 620 lucem
1134 586 1281 631 quanvis,
1300 596 1352 619 ro-

151 659 248 682 mane
270 646 427 692 pudicicie
451 645 560 686 decus,
580 646 647 691 ipsa
671 645 829 680 Lucretia.
875 645 934 679 hec
954 645 1042 679 enim
1066 654 1121 679 tue
1141 643 1352 678 confessionis

152 705 290 740 formula
297 717 308 746 ;
326 716 393 750 quo
416 715 528 739 amore
551 713 582 738 te
601 715 669 738 non
685 703 789 738 furere
810 715 871 738 nec
888 703 1029 738 insanire
1049 713 1140 748 putas
1160 712 1255 748 atque
1275 713 1352 736 con-

152 764 273 800 tendis:
297 775 361 809 ego
382 773 462 797 vero
486 772 517 797 te
531 774 662 808 prorsus
681 762 741 797 hac
756 762 911 806 opinione
934 772 990 796 tua
1005 763 1071 796 iam
1090 772 1158 795 non
1177 769 1352 801 amantem,

151 823 210 858 sed
232 831 397 857 amentem
426 821 544 856 iudico.
590 832 696 866 parce,
719 832 846 866 precor;
874 831 989 865 neque,
1014 831 1088 854 cum
1115 819 1198 854 letali
1229 818 1354 853 labores

152 879 280 921 morb0‚
307 880 366 914 hec
390 878 580 924 obiurgandi
605 879 713 914 studio
739 878 861 919 scribo;
885 878 941 912 sed
970 887 1005 912 ut
1034 887 1066 912 te
1091 877 1147 912 tibi
1171 876 1354 919 ostendam,

153 948 190 974 ut
210 938 361 979 efficiam,
380 938 460 972 velis
484 938 620 979 nolisve,
641 937 730 983 quod
754 936 906 971 morbum
925 947 1081 982 agnoscas
1105 928 1209 970 tuum.
1257 935 1354 970 video

151 993 240 1039 quod
255 993 374 1027 vulnus
389 1003 457 1027 non
472 993 582 1034 sentis,
602 1001 713 1037 utpote
728 992 783 1037 qui
802 991 889 1025 malo
908 1001 966 1026 tuo
986 990 1162 1031 delecteris,
1178 1002 1239 1025 nec
1262 990 1355 1025 intel-

152 1052 227 1098 ligis
249 1051 303 1086 illa
325 1063 388 1097 que
411 1050 532 1085 scribis.
578 1051 731 1085 nimirum
746 1049 842 1084 falsus
857 1050 946 1084 enirn
962 1050 993 1083 in
1011 1048 1261 1094 cogitationibus
1280 1049 1356 1090 tuis,

153 1110 260 1156 inquis
278 1109 318 1144 de
337 1109 398 1144 hac
419 1121 483 1155 que
506 1118 650 1143 mentem
673 1107 821 1143 exhaurit
843 1118 950 1142 tuam:
975 1107 1073 1142 celica
1092 1108 1174 1142 inter
1196 1107 1272 1142 alias
1296 1117 1354 1149 est,

154 1179 284 1203 morum
306 1168 458 1203 omnium
481 1177 636 1202 exornata
658 1166 791 1201 decore:
815 1166 862 1200 nil
881 1166 1054 1200 virtuosius
1069 1177 1117 1206 ea,
1136 1166 1182 1200 nil
1201 1166 1354 1207 serenius,

154 1226 261 1262 celum
284 1235 317 1261 et
338 1225 442 1262 sidera
463 1235 568 1272 gestat
586 1226 620 1260 in
642 1225 756 1260 oculis.
802 1224 863 1259 hec
878 1234 933 1259 tua
951 1224 1048 1258 verba
1063 1233 1149 1259 sunt.
1195 1223 1252 1258 sed
1269 1224 1355 1269 prius

153 1284 195 1320 ad
216 1283 455 1320 confessionem
478 1284 608 1318 veniam
627 1293 736 1325 tuam;
758 1282 876 1318 deinde
899 1282 1010 1318 laudes
1032 1283 1107 1317 istas
1122 1293 1231 1318 tecum
1250 1282 1355 1317 discu-

153 1343 251 1386 nam
280 1352 446 1389 postremo
476 1352 591 1384 cetera,
623 1341 740 1388 quibus
769 1340 1032 1387 respondendum
1060 1340 1184 1383 videro,
1218 1341 1355 1376 currenti

154 1403 280 1438 almo
302 1403 479 1446 attingam:
503 1400 637 1436 demum
662 1410 783 1442 autem,
808 1399 957 1435 confecto
981 1399 1166 1442 certamine,
1191 1410 1299 1434 tecum
1323 1401 1356 1434 in

153 1471 231 1496 vera
252 1461 380 1495 caritate
399 1459 602 1495 concludam.
648 1460 683 1494 in
705 1458 821 1504 quibus
844 1468 923 1504 opto
947 1467 983 1493 ut
1005 1458 1047 1493 ad
1070 1459 1115 1492 tui
1132 1458 1269 1493 salutem
1288 1470 1355 1493 non

154 1520 262 1554 minus
281 1517 492 1564 persuadeam
515 1529 615 1564 quam
633 1517 796 1562 probabo;
815 1529 910 1562 spero
925 1527 1036 1552 tamen
1054 1516 1143 1563 quod
1157 1516 1264 1552 fidelia
1283 1528 1356 1551 mea

154 1578 214 1613 bec
237 1577 359 1623 releges
373 1586 404 1611 et
423 1577 457 1611 in
473 1577 620 1611 animum
634 1574 785 1611 infundas
807 1584 912 1611 tuum.
959 1574 1051 1617 forte,
1072 1575 1145 1610 licet
1164 1575 1356 1610 altissimum

155 1636 272 1672 vulnus
290 1637 343 1677 sit,
361 1647 428 1681 quo
446 1634 572 1670 laboras
594 1644 628 1669 et
650 1635 744 1680 peris,
762 1645 864 1679 usque
886 1634 920 1668 in
940 1632 1079 1669 fundum
1095 1633 1156 1668 hec
1176 1643 1286 1669 nostra
1305 1633 1357 1669 de-

154 1694 310 1730 scendent
331 1703 364 1728 et
386 1693 505 1740 aliquid
529 1693 570 1728 de
588 1702 633 1735 te,
650 1694 676 1727 si
699 1692 837 1728 omnino
859 1692 1002 1738 perditus
1021 1704 1088 1727 non
1109 1691 1219 1735 fueris,
1236 1693 1356 1727 immu-

154 1753 279 1789 tabunt.
1260 1788 1269 1798 ‚

221 1812 323 1847 Amas
346 1822 458 1852 unam,
472 1811 591 1856 inquis,
608 1822 649 1845 ex
664 1810 900 1845 honestissimis
924 1809 1128 1844 dominabus.
1175 1811 1202 1844 si
1224 1809 1285 1845 hec
1303 1819 1358 1845 tua

156 1868 382 1904 honestissima
396 1878 455 1910 est,
475 1868 597 1903 nullam
623 1867 884 1902 honestissimam
905 1868 1028 1902 sociam
1045 1867 1158 1902 habet:
1178 1868 1245 1914 ipsa
1263 1879 1359 1914 super

155 1938 272 1962 omnes
295 1926 431 1961 houm
445 1936 509 1961 est:
528 1926 563 1960 in
581 1925 711 1971 reliquis
725 1935 835 1961 autem
850 1925 937 1960 nulle
952 1925 1178 1960 honestissime
1201 1925 1263 1961 dici
1283 1937 1358 1971 pos—

155 1994 242 2027 sunt,
260 1985 317 2020 sed
340 1985 488 2027 honeste,
511 1984 568 2019 sed
591 1985 792 2019 honestiores
807 1984 968 2019 honestis:
993 1984 1034 2019 ad
1054 1984 1131 2019 illud
1147 1994 1256 2019 autem
1269 1996 1356 2019 sum-

156 2054 250 2079 mum
273 2053 327 2078 aut
349 2043 437 2078 nulla
460 2053 515 2078 aut
537 2043 644 2077 solum
668 2054 733 2078 una
755 2043 939 2089 pervenisse
954 2052 1071 2089 potest.
1117 2044 1228 2078 neseio
1248 2052 1357 2077 autem

155 2112 222 2147 quo
243 2111 341 2136 sensu
363 2101 451 2136 illam
473 2112 543 2136 esse
561 2101 681 2136 scribas
704 2100 893 2136 honestam:
918 2101 981 2136 hoc
1004 2101 1092 2135 enim
1112 2100 1308 2136 vocabulum
1326 2109 1359 2135 et

208 2211 265 2235 4-5.
279 2210 371 2228 mnne
384 2204 399 2227 ἐ
411 2205 534 2235 agei-ue
548 2205 574 2227 a·
588 2204 701 2234 narsi-e
713 2204 757 2227 da!
768 2205 867 2234 coplata.
939 2210 975 2234 ¹³·
989 2204 1046 2228 eud.
1060 2203 1146 2233 iniqni-

155 2296 402 2334 gionedionoree
416 2295 736 2333 dimmleperfeziom-
780 2297 855 2324 mico
874 2304 890 2324 e
907 2296 931 2324 si
949 2295 1037 2323 sforza
1060 2295 1087 2323 di
1112 2294 1290 2323 convineedo
1307 2295 1359 2323 che

155 2345 259 2374 memo,
269 2345 355 2368 meu
365 2339 477 2368 l'indole
489 2347 539 2368 sua
551 2339 688 2376 spirituale
701 2339 735 2367 ed
780 2339 807 2366 la
831 2347 891 2372 sua,
918 2344 1094 2375 quantunque
1117 2337 1226 2366 avvolu
1248 2337 1292 2366 ne*
1304 2337 1359 2366 veli

105 2418 110 2420 .
154 2382 242 2411 aliem
273 2383 308 2411 da
330 2383 395 2419 ogni
422 2389 529 2411 terrena
555 2382 733 2420 aspiratione.
780 2381 825 2410 del
849 2381 1053 2418 platonicismo,
1079 2389 1134 2409 non
1158 2382 1174 2408 e
1192 2389 1208 2408 e
1226 2389 1284 2408 non
1303 2382 1358 2418 pub

155 2425 202 2453 Ma
219 2425 239 2453 n
266 2425 305 2458 S„
323 2434 396 2462 poco
419 2433 549 2462 persuaso
572 2425 607 2452 da
635 2424 734 2453 simtu
778 2433 868 2452 essere
887 2432 917 2451 se
934 2432 991 2451 non
1010 2432 1064 2451 um
1079 2424 1207 2460 passione
1219 2423 1264 2452 dei
1277 2423 1360 2452 sensi.

155 2467 278 2504 rispom,
296 2467 392 2496 ribatte
416 2467 443 2495 le
463 2467 611 2496 :maioni
635 2467 735 2496 dell’a·
815 2467 859 2503 (ι)
877 2466 922 2495 Cf.
941 2475 982 2504 ep.
1003 2474 1022 2500 ι.
1040 2475 1066 2503 p.
1088 2475 1112 2503 5.

1404 414 1524 443 Peuegrino
1531 414 1591 435 sffer-

1378 443 1438 462 mndi
1448 448 1516 463 amm
1526 441 1546 462 ln
1556 442 1592 468 pin

1385 1583 1598 1611 ruralem-puolo

1384 1611 1548 1632 maurane
1564 1610 1598 1631 del

1385 1643 1442 1659 ι-ιω
1455 1638 1548 1666 μω..

1479 1812 1599 1834 amom-

1473 1841 1598 1868 pinon-au

1453 1867 1531 1889 dom.

1414 2055 1599 2092 Nil-‹hoenb-

1385 2082 1486 2131 22¹⁶00⁸z¹¹
1541 2089 1600 2131 ..ὦ
