1696 2782
121 421 164 435 nun
187 420 232 434 men
255 412 332 433 celebre

120 442 158 462 che
170 439 284 461 vener-bue
299 446 333 466 per

120 469 154 488 eu
167 474 179 487 e
193 473 228 494 per
242 467 331 487 selena.

147 529 228 553 Siccine,
245 528 332 549 oebbene

122 556 332 603 aversarer

122 591 206 637 lnegrmi
215 609 269 629 dell·
278 608 332 629 fama

123 637 238 664 raggiuuss·

123 772 180 793 pure,
195 771 254 785 come
263 770 332 787 uomo,

122 799 164 812 nou
180 792 220 818 pud
240 798 252 811 ι
273 797 333 810 meno

122 819 141 838 di
150 819 261 839 sentit-seue
270 818 332 838 lusin-

123 851 179 872 gno.

151 1225 184 1245 Ma
197 1225 232 1251 ρίὺ
250 1223 287 1243 ebe
301 1229 335 1250 per

124 1253 196 1273 l'nnor
216 1249 298 1277 futtogli
318 1250 335 1269 si

126 1279 193 1300 allieta
201 1278 221 1298 di
228 1283 285 1309 saper
291 1282 335 1296 sor-

125 1312 147 1326 ιο
160 1306 181 1326 in
195 1305 276 1328 Grecu,

125 1399 178 1419 dove
192 1397 220 1425 gu
234 1397 288 1417 studi
297 1403 335 1416 son

125 1425 192 1445 caduti
199 1428 257 1444 tanto
262 1424 283 1443 in
291 1423 336 1443 bas-

125 1458 157 1477 so,

125 1529 153 1543 un
160 1528 223 1542 uomo
231 1527 289 1541 come
299 1521 335 1545 lui,

125 1549 169 1595 flac,
177 1553 252 1569 venato
262 1548 283 1568 in
293 1547 336 1568 lm-

134 1582 159 1600 n,

126 1690 152 1710 ha
155 1690 244 1710 eccitxno
250 1690 271 1710 in
277 1689 336 1710 molti

126 1716 146 1737 ln
153 1717 221 1737 bum·
226 1717 246 1736 di
254 1723 335 1744 appren-

126 1743 162 1763 der
174 1743 189 1763 il
203 1750 273 1771 greco.

367 277 426 310 108
788 279 1127 308 EPISTOLARIO

362 407 550 442 venerabilis
574 415 605 440 et
629 405 779 439 altissime
794 404 967 438 senectutis
982 412 1013 437 et
1031 412 1187 447 quantum
1208 414 1248 436 ex
1263 403 1326 436 tuis
1344 403 1467 447 scriptis
1485 415 1554 448 per-

361 467 445 510 cipio
465 466 533 498 viro
550 464 657 498 omnis
678 462 864 497 eruditionis
883 470 915 495 et
933 462 1075 502 scientie,
1088 473 1141 494 me
1158 461 1286 494 videam
1301 461 1439 495 salutari.
1485 463 1554 496 scio

360 522 617 558 christianissime
633 520 838 566 professionis
862 520 1010 553 homines
1030 531 1097 553 non
1117 531 1186 552 esse
1202 519 1398 552 conveniens
1412 519 1554 554 humane

361 581 461 626 glorie
489 579 709 624 splendoribus
741 578 933 623 permoveri,
962 588 1101 622 quorum
1133 589 1201 610 non
1224 578 1264 611 sit
1296 577 1399 621 gloria
1429 578 1489 611 nisi
1520 579 1554 612 in

361 650 452 671 cruce
476 637 600 671 domini
623 636 722 669 nostri
742 636 815 669 Iesu
840 634 970 675 Christi,
994 646 1050 679 per
1073 646 1170 679 quem
1193 635 1268 679 ipsis
1288 634 1429 668 mundus
1453 636 1554 669 cruci-

359 697 442 730 fixus
458 705 505 739 est
519 705 550 729 et
565 696 625 740 ipsi
638 694 773 734 mundo,
786 695 867 728 sicut
880 693 917 727 ad
933 693 1085 727 Galathas
1099 693 1167 726 sive
1185 692 1397 737 Gallogrecos
1413 693 1554 728 scribens

360 767 399 788 ex
423 765 480 789 sua
503 765 638 798 persona
661 764 721 787 nos
745 762 857 786 monet
873 752 1047 796 Apostolus
1060 751 1114 792 (¹);
1130 751 1187 785 sed
1204 751 1275 796 quis
1295 751 1376 785 adeo
1392 751 1556 787 humiliter

361 813 400 847 de
424 824 458 846 se
481 813 587 852 sentit,
611 813 666 856 qui
690 811 790 856 glorie
815 809 982 844 dulcedine
1005 821 1073 843 non
1093 818 1253 854 tangatur,
1273 819 1309 843 ut
1331 818 1443 843 noster
1460 809 1555 844 Vale-

360 872 424 906 rius
448 870 557 905 ait?<²)
603 869 777 903 divinitatis
792 869 900 913 potius
923 879 1021 912 quam
1045 867 1256 901 humanitatis
1275 876 1359 901 esset
1374 868 1555 902 occurrenti

360 930 461 975 gloria
483 941 551 962 non
574 928 671 962 letari.
719 939 786 961 non
820 936 927 960 tamen
951 926 994 960 ita
1013 926 1124 960 lumen
1154 925 1233 960 illud
1262 927 1380 960 mentis
1402 938 1476 960 mee
1499 925 1555 960 de-

361 988 495 1022 bilitavit
519 987 683 1027 intuitum,
707 985 795 1030 quod
821 997 889 1019 non
919 986 1116 1030 cognoscam
1140 996 1193 1018 me
1217 994 1285 1018 tam
1312 984 1482 1018 ambitiose
1505 996 1557 1018 sa-

360 1046 524 1080 lutationis
547 1044 711 1089 eulogium
735 1055 803 1077 non
826 1044 939 1077 mereri
970 1052 1002 1076 et
1028 1043 1055 1076 si
1078 1043 1156 1088 quid
1179 1042 1287 1077 forsan
1315 1043 1348 1077 in
1374 1055 1427 1077 me
1450 1042 1555 1085 fuerit,

361 1114 397 1139 ut
411 1104 543 1148 cogitaS,
557 1103 610 1136 tali
624 1101 823 1146 dignandum
840 1102 975 1143 honore,
987 1102 1063 1146 quin
1077 1110 1183 1135 totum
1198 1101 1276 1135 illud
1288 1113 1356 1135 non
1375 1102 1512 1135 sentiam
1525 1111 1558 1136 et

363 1173 558 1206 cognoscam
574 1173 641 1194 non
657 1172 767 1194 meum
787 1171 866 1200 esse,
886 1160 942 1193 sed
962 1159 1029 1194 eius
1048 1160 1102 1204 qui
1123 1160 1155 1192 iu
1175 1159 1269 1193 nobis
1287 1158 1386 1193 efficit
1404 1159 1557 1205 quicquid

362 1223 396 1255 in
431 1220 523 1254 nobis
553 1219 824 1253 remunerandum
847 1219 986 1252 extiterit
1014 1218 1066 1252 vel
1088 1218 1296 1253 laudandum.
1343 1228 1556 1254 veruntamen

362 1290 430 1312 non
444 1287 570 1312 tantum
594 1289 633 1311 ex
657 1277 781 1311 honore
797 1277 994 1310 salutationis
1019 1285 1075 1311 tue
1097 1277 1240 1321 gratulor
1263 1286 1295 1310 et
1317 1277 1439 1318 exulto,
1455 1289 1556 1322 quan-

362 1346 433 1371 tum
447 1335 534 1381 quod
545 1337 577 1369 in
592 1345 623 1369 te
637 1335 763 1369 videam
779 1344 810 1368 et
825 1335 962 1368 sentiam
976 1334 1056 1369 adeo
1072 1336 1133 1369 Dei
1145 1336 1281 1380 gratiam
1298 1335 1449 1377 illuxisse,
1468 1335 1556 1380 quod

362 1396 444 1428 inter
463 1394 623 1438 deperdita
646 1405 744 1438 penes
763 1394 884 1427 Grecos
903 1393 1004 1427 ferme
1027 1393 1131 1427 studia
1154 1393 1340 1434 litterarum,
1365 1403 1554 1428 cunctorum

363 1453 525 1496 occupatis
544 1450 705 1485 mentibus
721 1451 907 1492 ambitione,
926 1450 1143 1496 voluptatibus
1156 1459 1187 1485 et
1207 1451 1352 1492 avaricia,
1365 1460 1397 1485 te
1408 1451 1556 1491 sentiam,

364 1510 461 1544 veluti
484 1510 593 1543 lumen
612 1510 645 1543 in
665 1509 815 1551 tenebris,
833 1511 1018 1543 emersisse:
1037 1510 1189 1555 quodque
1209 1520 1240 1544 te
1265 1511 1356 1544 Deus
1373 1511 1407 1544 in
1427 1511 1557 1544 Latium

363 1568 525 1613 appulerit,
550 1573 623 1602 cu'm
637 1569 788 1602 venetias
811 1577 845 1602 tu
870 1577 902 1602 et
925 1568 1058 1602 Manuel
1078 1568 1210 1610 vidistis,
1231 1568 1296 1610 ubi,
1317 1580 1392 1603 cum
1415 1569 1557 1613 primum

363 1626 540 1661 Robertum
573 1626 778 1660 amicabiliter
813 1627 987 1671 susceperis
1017 1626 1192 1672 fecerisque
1227 1627 1346 1669 doceri,
1379 1627 1558 1662 multorum

363 1686 488 1719 animos
512 1684 551 1718 ad
574 1685 720 1729 linguam
739 1685 914 1719 Heliadum
926 1686 961 1712 (³)
984 1686 1167 1726 accendisti,
1182 1695 1218 1720 ut
1233 1687 1296 1720 iam
1321 1686 1431 1721 videre
1449 1686 1559 1720 videar

363 1742 482 1776 multos
497 1742 565 1776 fore
576 1754 742 1787 grecarum
760 1743 934 1777 litterarum
945 1753 1019 1788 post
1032 1755 1211 1788 paucorum
1227 1756 1387 1778 annorum
1404 1744 1558 1780 curricula

1587 939 1628 962 10

1588 1230 1626 1263 15

1585 1524 1628 1548 20

363 1810 430 1833 non
452 1798 558 1843 tepide
581 1798 753 1833 studiosos.
800 1811 821 1833 o
840 1811 894 1833 me
914 1811 1048 1834 munere
1067 1809 1125 1835 tuo
1144 1810 1239 1846 teque
1263 1810 1394 1835 auctore
1412 1801 1556 1844 felicem
1583 1814 1603 1838 2
1608 1816 1625 1848 5

417 1907 452 1930 ¹5·
467 1904 611 1923 veruntamen
623 1912 637 1918 -
651 1900 791 1930 disciplinam
813 1902 846 1930 (p.
869 1907 928 1930 1⁰9,
946 1909 965 1925 r.
986 1903 1027 1932 7)]
1053 1902 1131 1926 Anche
1149 1906 1231 1932 questo
1251 1904 1325 1926 braum
1345 1904 1359 1926 ἐ
1378 1904 1500 1934 riporum
1516 1904 1559 1927 dal

361 1941 450 1967 Mehus,
466 1947 503 1970 op.
518 1947 530 1963 e
545 1942 588 1963 loc.
603 1941 645 1965 cit.
699 1948 736 1972 ²³·
748 1942 806 1965 (ἶσα.
820 1942 918 1965 cnidum

359 2026 533 2062 stantinopoli
560 2026 737 2054 all’indirizzo
761 2028 788 2055 di
812 2028 933 2056 Roberto

358 2069 440 2096 Rossi
457 2069 550 2096 talune
562 2069 656 2097 lettere
671 2070 715 2097 del
728 2071 844 2098 Cidonio
858 2080 872 2098 e
889 2071 933 2099 del

359 2110 504 2139 Crisolora.
541 2111 583 2139 Ad
603 2121 657 2139 una
674 2113 701 2139 di
716 2119 809 2149 queste
828 2114 932 2141 andava

978 2030 1040 2063 trio,
1054 2030 1130 2058 bensl
1149 2031 1246 2058 invece
1257 2031 1292 2058 da
1306 2031 1450 2064 Manuele;
1462 2033 1490 2059 in
1502 2031 1556 2059 tale

978 2072 1129 2100 incertezza
1146 2073 1166 2100 il
1186 2073 1214 2101 S.
1234 2074 1363 2101 continuo
1382 2074 1409 2101 la
1431 2083 1480 2102 sna
1497 2074 1556 2111 epi-

977 2115 1060 2148 stola;
1080 2124 1126 2143 ma
1144 2116 1172 2143 in
1191 2116 1277 2152 luogo
1296 2117 1323 2143 di
1341 2117 1484 2153 rivolgersi
1499 2117 1555 2144 uni-

358 2153 434 2180 unito
442 2162 478 2180 un
489 2154 611 2189 viglietto
620 2154 647 2181 di
657 2163 749 2190 pugno
759 2155 932 2192 dess’Angeli,

357 2201 518 2223 contenente
528 2196 654 2232 alquante
666 2197 743 2233 righe
755 2198 930 2226 all'indirizzo

357 2238 400 2265 del
409 2238 446 2272 S.,
457 2239 508 2266 che
518 2240 604 2275 questi
613 2249 629 2267 a
638 2246 705 2267 tum
715 2241 802 2277 prima
813 2241 931 2270 credette

356 2280 455 2307 dettate
472 2280 515 2307 dal
529 2281 659 2315 Cidonio;
672 2282 764 2310 sicche
777 2283 800 2310 si
815 2283 858 2310 die
870 2292 929 2319 pre-

357 2329 433 2348 mura
445 2321 472 2348 di
482 2323 619 2358 scrivergli
631 2323 657 2351 la
669 2331 792 2360 presente
808 2333 855 2360 per
869 2334 930 2353 ren-

356 2363 494 2399 dergliene
507 2366 603 2400 grazie.
637 2365 682 2393 Ma
693 2372 796 2394 mentre
806 2368 929 2395 scriveva

356 2413 429 2432 sorse
449 2407 475 2432 in
495 2407 531 2433 lui
549 2416 564 2434 e
579 2407 624 2434 nel
640 2409 719 2435 Rossi
731 2409 750 2435 il
762 2409 860 2437 dubbio
876 2411 928 2437 che

355 2446 374 2474 il
391 2448 511 2483 viglietto
529 2458 585 2476 non
604 2451 761 2486 provenisse
779 2452 814 2479 da
825 2452 928 2480 Deme·

978 2164 1102 2186 camente
1112 2158 1138 2185 al
1149 2158 1268 2186 Cidonio
1274 2159 1430 2187 s’indirizzo
1439 2159 1554 2187 insieme

976 2200 1065 2227 anche
1083 2200 1110 2227 al
1129 2200 1277 2228 Crisolora.

1011 2243 1054 2278 (1)
1073 2243 1103 2270 S.
1121 2243 1210 2271 ΡΑυι.
1229 2243 1277 2280 Ep.
1290 2243 1323 2271 ad
1337 2243 1397 2272 Gal.
1410 2243 1460 2278 VI,
1476 2251 1517 2278 14.

1010 2285 1054 2319 (2)
1072 2285 1144 2313 Vax..
1159 2286 1236 2313 Max.
1249 2294 1295 2322 op.
1308 2286 1352 2314 cit.
1366 2285 1441 2319 vm,
1452 2293 1512 2320 xrv,
1525 2294 1551 2321 ς.

1010 2327 1053 2362 (3)
1072 2327 1208 2355 Coluccio
1225 2328 1343 2364 adopera
1360 2328 1407 2364 qui
1420 2337 1436 2356 e
1450 2328 1496 2365 piu
1511 2329 1553 2356 in·

973 2370 1051 2396 nanzi
1062 2369 1089 2396 la
1098 2378 1165 2397 voce
1177 2379 1191 2395 ox
1201 2370 1305 2404 Hellas,
1313 2370 1436 2398 Helladis
1444 2380 1459 2396 ιο
1471 2379 1551 2398 come

973 2419 1008 2438 un
1021 2412 1166 2447 aggettivo,
1175 2412 1304 2448 quasiche
1320 2413 1412 2440 invece
1427 2413 1455 2439 di
1466 2413 1551 2451 signi·

972 2453 1038 2480 ficar
1048 2463 1062 2478 α
1073 2454 1098 2481 la
1106 2454 1204 2482 Grecia
1214 2465 1241 2488 a,
1250 2455 1354 2483 valesse
1365 2465 1380 2480 α
1391 2455 1410 2483 il
1423 2455 1515 2484 Greco
1525 2465 1550 2484 ι.
