1682 2762
105 447 117 461 e
127 439 158 460 del
167 439 238 460 favore
249 438 286 459 che
295 438 316 457 in

129 467 173 487 uin
201 465 252 486 delle
279 471 316 484 sue

105 474 178 514 {tzere
197 492 225 519 gli
246 492 316 519 presto

105 520 223 547 l'Appiano.

132 669 164 689 Ne
188 669 252 695 provo
267 668 315 687 vivo

106 696 184 723 placere
194 702 204 715 e
214 694 315 722 profonda

106 724 256 745 riconoscenu,

107 909 177 930 tieche
191 907 252 928 rende
266 914 278 927 ι
288 906 319 926 ln-

107 942 161 967 copq
169 935 188 954 le
198 935 232 962 piu
240 935 318 954 sincere

107 969 181 990 grune,

107 1141 204 1172 bnmoso
214 1139 251 1160 che
261 1138 290 1170 gli
303 1138 319 1158 si

108 1171 196 1195 presenn
211 1171 320 1186 occasione

109 1195 129 1214 di
143 1193 257 1214 sdebimsi.

136 1305 169 1325 Vo
186 1305 214 1325 lin
239 1304 320 1331 dunque

110 1332 172 1359 invigi
181 1338 214 1351 are
241 1331 278 1351 che
301 1330 320 1350 nl

110 1359 191 1379 caecini
220 1358 250 1378 sia
277 1363 321 1377 resa

110 1390 184 1413 proma
219 1384 320 1412 giustizh,

111 1412 182 1433 com¹e
195 1412 307 1432 doveroso.

141 1769 203 1789 Fass-
217 1769 251 1795 poi
261 1775 273 1788 ι
282 1774 325 1795 pre·

130 1796 174 1816 arlo
185 1795 236 1815 d'un
245 1795 326 1822 insigne

101 1846 107 1849 ,
124 1829 199 1847 nvore3

350 248 410 279 162
765 245 1108 276 EPISTOLARIO

343 379 495 422 largoque
519 375 751 419 insatiabilique
771 385 931 414 sermone,
942 381 1061 417 quanta
1080 384 1154 406 cum
1175 371 1420 405 honorificentia
1433 382 1489 414 per
1504 379 1536 404 te

344 437 438 470 fuerit
460 445 641 480 quantaque
666 445 741 467 cum
771 433 967 477 benignitate
999 440 1144 475 receptus
1168 439 1201 464 et
1228 431 1262 463 in
1286 441 1382 464 causa
1404 440 1472 470 sua,
1497 428 1537 462 de

344 506 406 538 qua
426 494 480 527 tibi
501 494 685 537 scripseram
698 492 743 531 (¹),
763 502 857 535 quam
879 490 1017 534 gratiose
1033 488 1125 523 fuerit
1139 500 1195 533 per
1209 497 1297 522 tuam
1315 487 1537 521 excellentiam

344 552 522 586 exauditus.
570 552 604 584 in
629 550 716 583 cuius
740 548 899 593 siquidem
922 547 1075 581 relatione
1101 547 1227 591 percepi
1250 555 1408 591 quantum
1423 557 1456 579 se
1475 545 1533 579 tibi

343 618 470 654 reputet
485 608 660 652 obligatum
677 616 709 640 et
727 606 814 651 quod
830 606 957 639 firmam
972 617 1064 649 spem
1079 604 1118 638 de
1133 614 1188 638 tua
1204 604 1427 638 dominatione
1443 614 1540 648 super

344 680 382 702 eo
402 665 490 711 quod
516 665 701 699 intendebat
720 674 751 697 et
774 665 864 708 petIit
892 664 1101 707 concepisset.
1148 663 1181 696 in
1209 674 1274 706 quo
1301 662 1431 706 quidem
1459 660 1540 694 adeo

344 726 517 759 delectatus
537 736 619 765 sum,
640 723 727 767 quod
754 723 865 756 omnia
884 721 1013 755 fecerim
1033 721 1149 765 pluries
1169 720 1322 765 replicari.
1369 718 1538 753 audiebam

345 784 465 817 etenim
477 781 572 815 simul
587 782 698 825 quanti
715 792 767 813 me
787 780 905 813 faceres
926 788 957 812 et
973 788 1090 823 quanta
1110 790 1185 812 cum
1201 779 1270 822 ipso
1290 787 1321 811 te
1341 777 1542 811 humanitate

345 842 507 886 gessisses,
524 848 701 883 cunctaque
721 850 788 872 non
808 838 897 871 aliter
915 836 1143 882 ponderabam,
1156 848 1251 881 quam
1269 837 1296 870 si
1319 847 1356 870 ea
1376 837 1487 869 omnia
1507 836 1542 869 in

345 910 517 943 personam
553 897 712 942 propriam
745 897 946 940 recepissem.
1004 894 1216 939 quamobrem
1250 905 1313 938 ago
1341 893 1397 927 tibi
1426 893 1542 938 gratias

345 965 464 1002 quanta
490 968 564 990 cum
584 955 752 988 affectione
771 965 904 998 possum
926 965 966 986 ex
985 952 1093 993 medio
1118 952 1222 986 cordis
1240 952 1404 996 penetrali,
1423 953 1458 986 in
1476 962 1543 996 quo

347 1025 399 1049 tue
412 1013 642 1058 magnitudinis
654 1012 796 1045 amicicia
808 1011 880 1045 stilo
893 1011 996 1044 ferreo
1010 1010 1132 1054 sculpta
1144 1019 1201 1043 est.
1245 1021 1306 1054 ago
1322 1021 1410 1043 nunc
1425 1008 1544 1050 verbo;

347 1072 451 1105 habeo
475 1082 601 1116 semper
628 1082 666 1103 ex
694 1069 894 1114 gratitudinis
926 1068 1034 1102 officio
1062 1067 1127 1102 fixa
1155 1077 1280 1109 mente3
1314 1066 1370 1101 sed
1397 1066 1544 1108 referam,

347 1130 434 1175 quod
453 1130 496 1163 rei
513 1138 571 1170 est,
587 1129 736 1173 quotiens
756 1127 867 1161 offeret
890 1138 924 1160 se
948 1126 1092 1166 facultas,
1115 1137 1214 1170 quam
1237 1134 1316 1170 opto
1340 1137 1416 1159 cum
1439 1124 1544 1159 excel-

347 1188 444 1222 lentie
463 1196 517 1220 tue
540 1186 747 1220 incrementis
771 1196 944 1226 occurrere,
961 1195 1026 1229 quo
1038 1184 1161 1228 possim
1176 1192 1334 1228 quantum
1346 1195 1400 1216 me
1414 1182 1470 1217 tibi
1489 1182 1545 1216 de-

349 1245 424 1279 bere
447 1245 584 1278 sentiam
608 1243 838 1276 demonstrare.

436 1303 534 1336 Nunc
558 1311 665 1335 autem
690 1310 722 1334 te
737 1310 888 1345 rogatum
907 1300 1006 1334 velim
1024 1309 1182 1344 quatenus
1202 1300 1377 1344 negocium
1397 1299 1543 1344 magistri

349 1358 495 1406 Ugolini,
519 1361 545 1394 si
569 1372 622 1394 me
647 1360 761 1404 diligis,
784 1369 820 1393 ut
842 1358 998 1404 profiteris
1017 1368 1050 1392 et
1068 1370 1150 1400 reor,
1167 1358 1309 1403 digneris
1329 1358 1418 1392 iuxta
1436 1369 1544 1399 suum,

349 1422 418 1454 imo
442 1431 564 1459 meum,
585 1418 778 1452 desiderium
798 1417 955 1462 expedire.
1001 1418 1035 1451 in
1058 1428 1123 1461 quo
1140 1417 1238 1450 velim
1251 1418 1373 1460 cogites
1387 1425 1546 1461 quantum

350 1478 529 1512 accumulat
541 1477 683 1510 celeritas
702 1476 871 1516 beneficio,
888 1484 1110 1520 quantumque
1126 1475 1210 1509 solet
1228 1474 1358 1509 tarditas
1373 1483 1548 1519 quantum-

350 1547 476 1580 cunque
500 1535 595 1568 fuerit
610 1534 754 1568 officium
769 1534 926 1567 demoliri.
969 1533 1114 1567 videatur
1138 1533 1200 1567 hoc
1216 1545 1284 1567 non
1302 1542 1477 1573 extortum,
1492 1531 1550 1566 sed

352 1593 496 1627 oblatum
514 1592 610 1626 simul
626 1601 720 1636 atque
738 1591 925 1636 perfectum.
969 1591 1111 1632 debetur,
1127 1592 1224 1632 nosti,
1240 1590 1328 1636 quod
1347 1590 1548 1636 postulamus

352 1652 421 1686 sine
445 1651 642 1685 dubitatione
667 1650 808 1691 iusticie3
833 1650 936 1684 solam
960 1649 1154 1683 celeritatem
1178 1658 1269 1694 potes
1301 1649 1447 1682 amicicie
1471 1659 1550 1682 con-

353 1709 483 1744 donare.
531 1709 685 1743 hactenus
706 1709 778 1743 hec.

441 1769 538 1802 Nunc
562 1777 670 1801 autem
693 1766 884 1808 verecunde,
908 1766 1019 1807 fateor,
1038 1766 1094 1800 sed
1118 1765 1320 1799 confidenter
1341 1774 1373 1799 te
1397 1765 1551 1809 deprecor

354 1837 482 1866 munus,
507 1825 594 1869 quod

631 1884 715 1911 michi
734 1892 798 1911 cum
817 1884 934 1917 dederis,
954 1883 1093 1910 cumulata
1112 1889 1202 1910 morte
1220 1882 1373 1915 remittam;

354 1959 389 1982 ut
417 1949 539 1990 infelix,
562 1949 635 1983 ficta
658 1949 742 1990 licet,
768 1949 852 1994 apud
877 1950 1049 1994 Virgilium
1074 1961 1185 1983 amans
1209 1949 1252 1983 ait
1261 1949 1306 1983 (²).
1352 1948 1428 1993 quid
1453 1947 1551 1982 velim

409 2062 427 2079 1.
444 2054 476 2078 ΝῙ
491 2056 595 2084 largeque

356 2096 391 2118 18.
401 2094 434 2117 N¹
448 2095 553 2124 profitiris

649 2056 670 2078 6.
687 2055 716 2078 R¹
732 2056 828 2085 cepisset
884 2063 905 2085 7.
921 2055 952 2078 R²
967 2055 1076 2085 replicare
1131 2056 1153 2079 8.
1164 2054 1194 2078 1³¹
1203 2054 1234 2078 R²
1248 2055 1307 2078 enim
1363 2061 1396 2078 υ.
1407 2053 1439 2078 R¹
1450 2054 1553 2078 midde

609 2102 644 2125 19·
654 2096 720 2125 Dopo
729 2096 834 2124 expedire
843 2095 874 2118 R¹
885 2097 959 2118 scrive
968 2099 990 2118 et
998 2095 1059 2119 infra
1068 2096 1111 2118 ᾱο.
1119 2102 1133 2118 e
1143 2096 1187 2125 qm·
1194 2096 1313 2118 e'arresta
1323 2095 1348 2118 in
1357 2101 1410 2118 esso
1421 2095 1552 2124 t'eptstota.

355 2195 486 2223 creditore
506 2196 532 2222 di
550 2202 624 2232 parte
642 2197 713 2224 dello
732 2197 867 2234 stipendio
882 2198 931 2225 do-

354 2239 456 2274 vutogli
482 2247 559 2266 come
584 2240 691 2268 medico
713 2241 756 2267 del
775 2250 892 2268 comune
915 2250 930 2268 e

354 2281 395 2307 de’
417 2281 605 2315 Gambacorti3
625 2291 671 2309 ma
691 2283 741 2310 che
759 2283 798 2320 gli
818 2284 841 2310 si
859 2283 930 2311 rifiu-

354 2329 423 2350 tasse
443 2330 541 2359 quanto
560 2325 598 2360 gli
622 2331 743 2360 spettava
768 2335 816 2361 per
834 2326 854 2353 il
876 2335 931 2353 ma-

355 2364 456 2392 lanimo
473 2366 500 2391 di
513 2366 606 2393 coloro
625 2367 634 2393 i
647 2368 721 2403 quali
740 2377 862 2395 avevano
877 2374 931 2395 tra—

356 2407 412 2433 dito
419 2407 628 2443 indegnamente
638 2410 698 2445 que'
709 2410 822 2445 padroni
830 2411 930 2446 ch'egli

976 2205 1061 2224 aveva
1080 2205 1130 2224 con
1142 2196 1242 2224 fedelti
1257 2197 1290 2224 ed
1303 2196 1435 2224 affezione
1453 2197 1552 2224 serviti.

1011 2240 1054 2274 (1)
1074 2239 1285 2276 Quest‘epistola
1303 2248 1361 2267 non
1380 2240 1406 2266 ci
1423 2241 1439 2266 ὲ
1457 2247 1552 2276 perve-

977 2287 1051 2308 nuta.

1012 2325 1052 2358 (2)
1067 2324 1156 2352 Vnae.
1166 2324 1229 2352 Aen.
1242 2324 1300 2358 1111,
1308 2323 1375 2360 436;
1386 2332 1431 2351 ma
1440 2324 1461 2351 il
1473 2330 1553 2352 testo:

975 2386 1043 2411 Qum
1065 2387 1116 2408 mihi
1139 2394 1187 2408 eum
1205 2387 1292 2412 dederit.
1309 2387 1414 2408 cumulata
1437 2391 1505 2447 πὶοηο
1524 2393 1555 2408 m-

1463 2420 1551 2441 mittan.

1573 904 1613 928 10

1576 1198 1613 1232 15

1575 1488 1619 1512 20

1578 1778 1618 1812 25
