1708 2774
118 433 159 447 non
180 432 214 452 per
227 424 325 445 l'enenu

119 459 155 473 sun
168 451 278 479 spiritu-ie,

117 897 143 916 ue
170 902 204 922 per
226 895 240 915 il
262 900 322 921 corpo

118 927 249 946 cert-meum

118 1016 270 1048 mnna'cagionte
291 1014 322 1034 de'

118 1050 162 1063 suoi
176 1048 269 1063 costumi.

142 1131 159 1157 ῘΞ
168 1142 238 1164 quest-
251 1141 324 1164 troppo

117 1164 218 1184 eceeniv-
230 1163 277 1183 lode
291 1170 324 1189 ιρ-

118 1191 191 1218 ρῐὶειιι
201 1190 225 1210 nd
235 1197 273 1210 una
282 1190 323 1210 fan-

118 1217 185 1242 ciulln,

118 1307 202 1327 nfomita
228 1307 248 1327 di
277 1314 289 1327 0
305 1307 325 1328 ni

118 1334 206 1354 dontius
233 1333 264 1353 sui
287 1314 325 1354 gne

119 1360 170 1380 dene
183 1361 248 1380 azioni
271 1367 326 1380 umn-

120 1393 152 1408 ne.

145 1765 176 1785 Ne
190 1771 250 1785 meno
264 1765 280 1785 ri
295 1772 327 1785 ro-

121 1791 192 1812 vevole
203 1792 214 1811 ὲ
223 1791 237 1811 il
249 1773 299 1812 dii-lp:
308 1792 326 1812 ln

121 1823 186 1838 nessa
198 1818 259 1843 virtu,

120 1879 214 1906 quusiche
225 1879 301 1906 perfluo
309 1879 327 1900 le

121 1910 177 1926 sante
207 1913 281 1926 ostano
290 1907 326 1927 rie-

122 1933 191 1952 nciren
205 1933 223 1953 ei
230 1933 327 1954 inferiori.

356 295 392 319 12
770 285 1107 315 EP1sToLAR10

351 428 440 463 potes
463 415 621 451 asserere?
665 412 841 448 secundum
866 411 1006 445 animam
1030 410 1179 455 equidem
1198 409 1238 444 de
1252 409 1373 443 nichilo
1391 408 1466 444 facti
1485 422 1538 444 su·

351 488 421 511 mus
445 485 506 516 aut,
532 475 556 508 si
572 472 723 518 placuerit
747 481 820 504 cum
836 469 1008 503 Platonicis
1024 468 1165 510 delirare,
1180 479 1248 502 non
1263 469 1331 512 ipsa
1347 468 1464 509 solum,
1480 467 1538 503 sed

351 546 465 569 omnes
480 545 498 566 a
514 532 580 566 celo
600 541 720 571 sumus,
741 537 852 573 utpote
875 539 965 569 cum,
985 536 1021 561 ut
1038 527 1143 571 inquit
1165 525 1424 571 incomparabilis
1436 535 1538 568 vates,

352 593 451 627 dicere
465 590 643 625 valeamus:

523 662 593 689 Hinc
610 661 752 688 hominum
768 659 955 696 pecudumque
975 666 1061 694 genus
1079 658 1189 694 viteque
1207 657 1351 685 volantum

522 711 556 738 Et
571 718 623 746 que
642 717 794 736 marmoreo
813 708 863 736 fert
882 714 1004 735 monstra
1023 707 1072 734 sub
1093 715 1194 743 equore
1213 712 1320 743 pontus.

521 759 619 795 Igneus
637 764 677 785 est
696 757 748 785 illis
767 758 846 793 vigor
865 763 892 784 et
911 756 1017 784 celestis
1037 756 1115 791 origo

523 808 676 836 Seminibus
695 809 742 835 &c.
758 807 799 834 (ι).

348 885 526 920 secundum
539 895 651 929 corpus
667 892 774 917 autem
790 882 829 916 de
848 892 930 917 terra
948 883 1068 927 sumpti
1084 892 1210 916 sumus:
1231 881 1335 916 homo
1353 881 1443 915 enim
1462 881 1541 915 cinis

349 953 396 978 est
410 952 441 978 et
455 944 488 976 in
504 943 641 976 cinerem
657 950 833 975 revertetur
844 940 888 974 (²).
936 950 991 974 aut
1009 941 1106 985 igitur
1124 940 1187 974 hoc
1201 939 1291 985 quod
1309 940 1423 975 asseris
1441 938 1543 973 nichil

349 1011 406 1043 est,
423 1011 477 1036 aut
499 1001 538 1035 ad
562 1011 679 1042 mores,
698 1009 734 1034 ut
757 999 882 1041 subicis,
900 997 1138 1033 omnia'refers.
1186 998 1263 1032 dicis
1283 998 1391 1033 enim:
1410 1009 1542 1032 morum

351 1061 496 1095 omnium
520 1068 670 1093 exornata
694 1058 818 1093 decore.
867 1057 961 1092 credo
981 1069 1087 1091 mores
1108 1057 1270 1103 intelligas
1295 1066 1384 1092 actus
1407 1068 1541 1091 conver-

350 1120 478 1153 sationis
502 1127 533 1152 et
555 1118 617 1152 vite
641 1117 820 1151 secundum
841 1126 961 1151 rectam
981 1117 1141 1150 rationem
1164 1125 1196 1150 et
1219 1117 1252 1150 in
1275 1115 1376 1150 finem
1396 1115 1543 1150 debitum

351 1177 511 1211 ordinatos
535 1185 566 1210 et
587 1175 698 1209 factos.
745 1174 832 1220 quod
856 1175 904 1208 his
928 1174 1078 1209 omnibus
1102 1183 1214 1208 ornata
1237 1175 1277 1208 sit
1304 1174 1544 1209 adolescentula

350 1245 422 1276 tua3
447 1246 543 1279 quam
567 1243 668 1268 certus
692 1246 774 1274 sum,
794 1234 820 1266 si
845 1234 1022 1278 interroges
1038 1233 1071 1267 in
1087 1244 1185 1278 quem
1203 1232 1304 1267 finem
1317 1244 1432 1267 omnes
1453 1241 1543 1268 actus

351 1294 482 1327 humani
501 1292 655 1336 dirigendi
673 1301 833 1333 sunt,non
846 1292 952 1326 solum
972 1292 1092 1326 nesciat
1110 1291 1314 1336 respondere,
1331 1291 1387 1326 sed
1401 1303 1461 1326 nec
1471 1292 1544 1326 om*-

352 1352 429 1385 nino
457 1351 656 1395 questionem
680 1348 845 1394 intelligat,
871 1362 933 1394 que
960 1359 1008 1384 est
1031 1350 1188 1384 virtutum
1212 1350 1363 1384 omnium
1388 1349 1492 1384 fixum
1510 1359 1543 1384 et

352 1408 489 1443 solidum
512 1408 775 1450 fundamentum;
798 1408 886 1453 quod
917 1409 964 1442 his
996 1419 1107 1443 ornata
1138 1409 1178 1443 sit
1208 1408 1446 1443 adolescentula
1476 1417 1542 1450 tua,

352 1466 431 1501 forte
455 1467 563 1508 credis,
588 1466 668 1500 forte
691 1467 815 1501 tibimet
830 1467 1018 1512 persuades;
1033 1467 1089 1501 sed
1108 1467 1230 1502 clarum
1249 1475 1297 1501 est
1311 1466 1400 1512 quod
1415 1467 1543 1512 penitus

352 1536 420 1558 esse
443 1536 508 1558 non
524 1534 637 1569 potest,
655 1537 728 1559 cum
749 1525 870 1559 nedum
889 1525 942 1559 illa
961 1534 1027 1559 etas
1050 1537 1118 1559 non
1137 1526 1178 1559 sit
1192 1534 1265 1571 apta
1283 1525 1463 1560 secundum
1480 1525 1544 1559 vir-

352 1591 452 1616 tutem
475 1583 591 1624 vivere,
619 1583 675 1617 sed
698 1595 756 1617 nec
779 1583 895 1617 idonea
918 1596 981 1628 que
1000 1583 1131 1617 moralis
1155 1583 1300 1618 doctn‘ne
1323 1584 1458 1618 monitis
1484 1585 1545 1618 im—

352 1640 473 1675 buatur.
518 1641 603 1675 unde
622 1642 709 1686 quod
732 1641 838 1676 subdis
858 1654 954 1686 quam
974 1654 1099 1684 verum,
1116 1643 1184 1676 imo
1199 1642 1405 1687 hyperbolice
1421 1642 1544 1677 dictum

352 1700 401 1740 sit,
419 1699 552 1741 tibimet,
570 1701 594 1733 si
619 1712 686 1734 non
705 1701 840 1734 omnino
864 1700 1009 1746 desipias,
1033 1700 1240 1735 iudicandum
1263 1701 1420 1746 relinquo.
1466 1701 1544 1736 dicis

353 1757 451 1790 enim:
465 1757 509 1791 nil
521 1758 691 1791 virtuosius
704 1770 740 1792 ea
752 1758 859 1803 nilque
871 1760 1024 1794 serenius.
1072 1771 1151 1804 ergo
1163 1760 1224 1794 hec
1236 1768 1286 1794 est
1296 1761 1413 1794 virtute
1425 1760 1546 1794 virum-

353 1815 417 1848 sior
435 1824 496 1856 αυτ,
516 1815 602 1860 quod
622 1817 810 1862 sacrilegum
829 1816 917 1851 nefas
938 1826 985 1851 est
1009 1817 1125 1859 dicere,
1146 1818 1320 1852 virtuosior
1343 1827 1392 1852 est
1414 1826 1544 1852 auctore

354 1873 526 1907 virtutum?
572 1883 602 1907 et
621 1883 656 1908 ut
671 1874 710 1908 ad
723 1875 871 1909 mulieres
888 1876 1030 1917 veniam,
1044 1877 1218 1910 virtuosior
1232 1886 1280 1910 est
1297 1877 1407 1917 Lucia,
1423 1877 1544 1910 virtuo-

353 1931 416 1964 sior
439 1929 617 1973 Camerina,
645 1933 775 1974 Cecilia,
807 1934 923 1968 Ursula
953 1944 985 1968 et
1017 1934 1070 1968 illa
1094 1935 1157 1969 Dei
1181 1946 1310 1980 sponsa,
1338 1946 1437 1980 quam
1460 1935 1544 1970 inter

353 1988 466 2022 electas
489 1989 745 2032 adnumeramus,
766 1993 920 2036 Agnete?
966 1993 1062 2027 video
1077 1993 1142 2027 iam
1157 1993 1214 2028 tibi
1233 1993 1385 2028 ruborem
1403 1992 1545 2035 affundi3

351 2047 453 2080 sentio
469 2056 500 2081 te
517 2048 724 2083 clamaturum
742 2059 774 2084 te
793 2052 894 2094 ipsam
913 2051 1050 2096 preferre
1076 2052 1254 2087 carnalibus
1274 2053 1322 2086 his
1346 2052 1545 2094 mulieribus,

350 2116 414 2139 non
439 2105 536 2139 beatis
556 2116 586 2140 et
608 2108 732 2141 sanctis.
780 2108 836 2142 sed
855 2110 909 2154 qui
928 2109 973 2143 nil
988 2110 1160 2144 virtuosius
1180 2110 1267 2151 dicit,
1284 2110 1406 2145 nullam
1421 2110 1474 2144 vel
1493 2110 1543 2145 ni-

351 2162 413 2196 chil
431 2173 600 2207 exceptum
616 2165 694 2199 vult.
740 2166 828 2211 quod
843 2169 882 2208 si,
895 2176 930 2202 ut
945 2167 1001 2202 tibi
1021 2180 1154 2203 sensum
1169 2169 1373 2203 consentiam
1390 2169 1426 2204 in
1444 2180 1544 2214 quem

349 2232 415 2254 non
434 2222 592 2266 exprimis,
608 2232 639 2257 te
658 2223 761 2268 ipsam
779 2236 963 2271 comparare
983 2227 1135 2262 virtuosis
1160 2228 1350 2270 contendas,
1375 2239 1543 2274 compara-5

401 2330 421 2347 2.
437 2325 491 2348 Cod.
506 2325 564 2355 dopo
577 2327 684 2356 placuerit
697 2328 727 2351 άὰ
741 2329 768 2351 di
779 2335 854 2353 nuovo
869 2336 921 2353 cum
936 2330 1046 2360 placuerit
1098 2338 1137 2363 ²3·
1153 2332 1209 2356 Cod.
1223 2332 1323 2362 decipias

384 2411 426 2446 (1)
439 2413 527 2441 Vnus.
546 2415 608 2442 Aen.
623 2416 670 2449 VI,
686 2417 815 2453 728-7313
831 2426 876 2446 ma
889 2418 909 2446 il
928 2424 1009 2453 testo,
1029 2430 1054 2448 v.
1068 2421 1129 2456 728,
1149 2420 1184 2448 da
1199 2431 1214 2447 «
1231 2421 1296 2448 Inde
1310 2430 1335 2449 »-

383 2453 425 2489 (2)
445 2455 486 2483 Cf.
505 2456 562 2490 101³,
580 2457 705 2492 XXXIV,
726 2468 764 2494 ις.

1573 949 1613 974 10

1573 1242 1611 1275 15

1572 1539 1615 1563 20

1572 1831 1612 1865 25

1572 2123 1615 2157 30
