1682 2762
337 259 401 284 220
758 252 1100 281 EPISTOLARIO

343 382 478 427 gratiam
502 390 534 414 et
556 379 707 425 quicquid
729 387 835 423 potest
853 378 935 411 inter
952 377 1105 410 mortales
1124 377 1226 410 maius
1241 376 1294 410 vel
1313 376 1413 410 carius
1431 375 1536 409 nomi·

343 441 422 481 nari,
446 439 610 484 deprecor,
634 437 776 471 obtestor
795 445 826 470 et
850 447 949 470 exoro
973 444 1130 480 quatenus
1153 435 1239 468 sitim
1262 435 1343 468 hanc
1366 433 1466 468 michi
1482 445 1535 467 co-

339 499 423 532 neris
436 497 633 540 extinguere.
680 494 810 528 volebas
825 494 1008 528 liberalitate
1027 503 1081 527 tua
1096 493 1248 526 volumen
1270 492 1348 526 illud
1363 492 1535 536 exemplari

343 556 445 589 facere
468 566 543 588 meo
562 553 706 587 nornine.
752 563 819 585 non
843 561 891 585 est
913 550 1061 596 possibile
1080 559 1208 595 propter
1224 550 1456 594 antiquitatem,
1474 561 1536 593 que

341 614 438 647 nimis
462 623 480 645 a
504 612 614 645 litteris
636 611 765 644 recessit
787 610 887 643 nostri
909 609 1062 653 temporis
1093 608 1127 642 id
1153 608 1220 642 fieri
1252 617 1284 641 et
1315 607 1537 652 magnitudine

341 671 410 705 libri
434 670 528 703 fuerit
555 669 651 703 nimis
682 679 868 708 onerosum,
892 679 933 700 ne
964 667 1081 707 dicam,
1104 666 1192 711 quod
1222 665 1396 710 ponderare
1423 664 1537 706 debeo,

340 738 577 773 sumptuosum.
624 726 737 771 expedi
750 726 909 770 liberaque
920 725 1019 759 fidem
1031 734 1063 759 et
1078 724 1282 758 affectionem
1291 733 1380 758 tuam
1390 723 1538 757 faciendo

344 785 431 831 quod
446 786 532 820 hunc
543 784 659 819 librum
678 785 711 818 in
730 784 810 818 illius
825 784 1019 828 antiquitatis
1033 782 1123 816 fonte
1140 782 1278 816 videam.
1325 793 1379 815 ero
1393 781 1450 815 tibi
1460 780 1538 815 fide-

340 844 480 878 lissimus
499 843 672 883 restitutor,
687 853 748 875 nec
762 851 793 875 te
809 840 964 885 penitebit
978 840 1030 874 vel
1047 840 1139 874 illum
1154 849 1276 884 patrem
1292 839 1439 874 abbatem
1456 839 1539 873 hanc

340 901 561 935 liberalitatem
575 901 645 934 viro
664 900 773 933 litteris
791 899 899 933 dedito
914 898 1119 943 impendisse.
1165 898 1198 932 id
1209 910 1327 932 munus
1341 909 1396 942 per
1411 899 1538 931 univer-

341 971 413 993 sum
427 959 534 993 orbern
549 970 624 993 cum
635 958 738 992 laudis
758 966 789 991 et
801 957 925 991 virtutis
942 966 995 991 tue
1014 956 1296 990 commendatione
1315 955 1477 990 celebriter
1492 954 1539 989 di-

342 1018 491 1063 vulgabo.
537 1026 631 1051 tuum
643 1026 691 1051 est
702 1017 756 1061 qui
770 1015 858 1050 vides
871 1015 988 1050 servuli
998 1009 1048 1049 ‘tui
1061 1023 1176 1049 votum
1188 1015 1250 1048 hoc
1260 1014 1358 1048 michi
1372 1013 1539 1058 perficere:

102 791 205 813 renituit*
251 789 313 811 fedel-

102 823 171 839 mente
187 817 202 838 il
220 817 290 837 codiee
303 823 314 837 e

102 845 206 866 celebrer*
226 843 245 864 ln
264 843 314 864 iibe-

102 872 162 893 rnliu
175 871 208 891 del
223 871 314 897 principe

103 905 115 919 e
135 897 260 918 dell'nbbnte
280 897 314 924 pel

102 925 180 946 mondo
194 924 270 945 inter-o.

547 1094 607 1121 Hoc
626 1093 708 1121 michi
726 1093 751 1121 si
770 1093 882 1127 dederis,
901 1092 1037 1120 cumulata
1056 1098 1143 1120 morte
1163 1091 1346 1119 remittamo).

130 1172 164 1193 Gli
173 1172 228 1193 invia
240 1172 254 1192 il
263 1171 315 1192 libro

104 1199 135 1220 De
149 1199 256 1219 illustribus
266 1199 316 1218 viris

104 1226 137 1246 dni
159 1226 254 1246 Petu-arc·
273 1226 316 1246 det-

105 1258 158 1278 ιιιο,

410 1170 544 1210 Verum,
564 1169 638 1214 quia
661 1169 746 1202 sensi
765 1177 796 1202 te
815 1168 990 1213 plurimum
1013 1167 1164 1212 hystoriis
1187 1167 1347 1208 delectari,
1370 1167 1466 1200 mitto
1485 1166 1542 1200 tibi

344 1228 487 1263 libellum
506 1229 536 1262 D
548 1239 566 1261 e
591 1227 843 1272 quibusdam
868 1226 1112 1260 illustribus
1132 1226 1238 1260 viris
1253 1226 1346 1259 novis
1360 1224 1541 1260 auctoribus

1287 1352 1321 1369 11.
1336 1345 1393 1368 cod.
1407 1347 1492 1368 omem
1503 1348 1543 1368 tue

402 1354 424 1376 7.
439 1347 467 1370 Η
477 1349 562 1370 omette
576 1353 621 1375 que
634 1347 695 1376 dopo
709 1346 777 1369 libera
839 1353 904 1376 9-14.
919 1346 947 1368 H
956 1348 1041 1369 omette
1055 1352 1096 1369 nec
1111 1358 1122 1363 -
1136 1352 1214 1368 νει-πω

347 1394 355 1410 ι
360 1394 382 1417 5.
398 1387 425 1410 H
435 1386 517 1410 librum

380 1487 423 1523 (1)
441 1482 463 1514 E
476 1487 495 1514 il
507 1487 589 1514 solito
605 1487 865 1523 rimaneggiamento
875 1486 921 1514 del

344 1538 422 1557 verso
438 1529 590 1565 Virgiliano
606 1529 741 1556 dell'Aen.
757 1529 816 1562 1111,
831 1528 894 1565 436.

379 1572 442 1599 Non
461 1572 602 1607 sappiamo
621 1580 650 1599 se
665 1571 764 1599 Iodoco
777 1572 922 1608 prendesse

345 1623 360 1641 a
379 1622 462 1642 cuore
480 1614 506 1641 la
523 1623 596 1647 cosa,
611 1614 711 1650 perche
723 1613 786 1641 nell’
797 1614 923 1650 epistola-

344 1657 385 1683 rio
404 1656 448 1683 del
467 1662 560 1683 nostro
575 1665 632 1683 non
643 1657 664 1683 si
678 1663 755 1683 trova
767 1657 813 1692 piu
836 1665 922 1684 cenno

344 1699 389 1727 del
399 1700 523 1727 bramato
537 1700 723 1727 manoscritto.
757 1699 813 1727 Ben
829 1706 896 1727 noto
907 1701 922 1726 e

344 1745 411 1778 pero
427 1751 507 1770 come
524 1743 594 1770 circa
603 1743 837 1778 venticinqu'anni
850 1743 923 1778 dopo

345 1784 395 1811 che
407 1785 491 1820 quest’
498 1784 611 1820 epistola
630 1793 677 1811 era
696 1790 765 1811 stata
784 1785 883 1817 scritta,
897 1785 922 1810 ai

343 1827 429 1862 tempi
450 1826 507 1853 cioe
526 1826 552 1852 di
575 1835 644 1862 papa
658 1826 921 1861 Martin0V(14x7-

348 1876 394 1903 143
403 1876 410 1894 1
418 1869 438 1902 )‚
446 1870 611 1895 ritornassea
621 1877 708 1895 correr
717 1875 758 1895 tra
767 1868 814 1895 noi
824 1868 922 1895 lavoce

345 1911 396 1937 che
414 1911 459 1937 nel
478 1911 546 1938 nord
562 1911 677 1938 esisteva
690 1919 726 1937 un
741 1911 833 1938 codice
848 1916 922 1937 vetu-

345 1953 464 1980 stissimo
478 1953 547 1980 delle
563 1953 645 1980 Dechc
659 1953 686 1979 di
701 1953 787 1980 Livio.
824 1953 881 1980 Eco
894 1953 922 1979 di

344 1996 431 2030 questi
451 2005 465 2020 «
477 1994 584 2022 dieesi»
608 1996 677 2022 erasi
703 1994 779 2028 fatto,
798 2003 877 2021 come
897 1994 921 2021 ci

343 2037 479 2073 apprende
490 2037 509 2063 il
521 2037 636 2073 Poggio,
649 2046 685 2064 un
697 2037 799 2064 Nicolo
813 2037 920 2070 danese,

345 2078 456 2104 «homo
474 2086 560 2113 vagus
579 2084 660 2114 atque
679 2078 842 2112 inconstans,
858 2078 922 2104 licet

345 2130 359 2145 «
372 2121 521 2148 admodum
537 2121 656 2148 eruditus
667 2131 692 2153 n,
708 2121 759 2148 che
774 2120 920 2148 affermava

343 2163 368 2190 d'
375 2172 440 2190 aver
449 2164 548 2190 veduto
559 2163 632 2199 cogli
640 2163 718 2191 occhi
731 2163 823 2199 propri
832 2163 851 2190 il
864 2172 920 2190 ma-

343 2207 474 2233 noscritto
483 2206 527 2233 nel
538 2212 672 2234 convento
688 2206 714 2233 di
725 2206 813 2233 Soroe
826 2214 920 2242 presso

343 2249 472 2276 Roskilde
490 2249 519 2275 in
541 2249 659 2276 Zelanda
681 2258 696 2276 e
716 2257 751 2276 ne
778 2249 848 2276 dava
867 2257 921 2276 una

343 2291 494 2318 minuziosa
522 2291 688 2318 descrizione
715 2291 743 2318 in
772 2291 881 2318 termini
911 2291 920 2318 i

343 2333 415 2368 quali
435 2333 602 2360 richiamano
619 2333 647 2360 in
663 2334 748 2361 modo
763 2333 919 2360 addirittura

343 2374 478 2409 singolare
497 2374 578 2410 quelli
594 2375 660 2402 usati
675 2376 720 2411 qui
734 2375 778 2402 dal
792 2375 819 2402 S.
833 2384 848 2402 a
861 2383 921 2411 pro-

343 2417 430 2452 posito
450 2417 492 2444 del
512 2418 688 2444 manoscritto
708 2417 867 2453 additatogli
885 2418 920 2444 da

966 1486 1077 1514 Andrea
1095 1486 1123 1514 di
1137 1486 1300 1522 Wittingau:
1317 1485 1350 1512 cf.
1369 1486 1474 1514 Poccn
1494 1486 1543 1522 Ep.

967 1529 1011 1555 cit.
1030 1529 1074 1556 lib.
1094 1529 1128 1561 11,
1147 1537 1188 1564 ep.
1209 1535 1248 1556 lx.
1290 1521 1312 1555 E
1331 1535 1394 1555 cosa
1413 1527 1543 1563 possibile

966 1570 1018 1597 che
1035 1570 1045 1596 i
1064 1570 1116 1597 due
1132 1569 1298 1596 manoscritti
1310 1577 1367 1596 non
1379 1577 1415 1596 ne
1427 1569 1542 1595 abbiano

966 1612 1032 1640 fatto
1050 1613 1102 1639 che
1117 1621 1154 1639 un
1169 1611 1247 1639 solo?
1286 1611 1398 1647 Oppure
1413 1610 1543 1638 dobbiam

966 1656 1079 1683 ritenere
1090 1655 1164 1691 quali
1178 1661 1262 1691 prette
1276 1654 1429 1681 invenzioni
1445 1655 1502 1681 cosi
1517 1653 1543 1680 la

966 1697 1067 1724 notizia
1077 1697 1250 1723 comunicata
1259 1695 1304 1722 nel
1317 1703 1383 1731 1397
1393 1694 1420 1721 al
1427 1694 1455 1722 S.
1463 1703 1543 1721 corne

967 1738 1057 1774 quella
1075 1738 1171 1765 diffusa
1186 1737 1232 1765 nel
1249 1745 1316 1771 1424
1335 1737 1491 1764 all’incirca
1509 1736 1544 1763 da

967 1781 1066 1808 Nicolo
1091 1781 1211 1808 danese?
1247 1780 1386 1815 Riguardo
1409 1779 1543 1815 all-primo

966 1830 1051 1859 punto
1061 1832 1116 1851 non
1126 1823 1221 1858 voglio
1229 1829 1319 1850 tacere
1329 1828 1430 1858 quanto
1438 1821 1543 1857 mipaia

966 1866 1095 1893 notevole
1108 1865 1183 1893 udire
1202 1866 1247 1901 qui
1264 1865 1298 1892 da
1309 1864 1442 1892 Coluccio
1458 1864 1510 1891 che
1524 1863 1544 1890 il

966 1908 1062 1936 codice
1073 1909 1207 1935 trovavasi
1220 1908 1248 1934 in
1264 1916 1300 1934 un
1317 1913 1452 1934 convento
1465 1912 1544 1942 posto

968 1951 1064 1978 «nella
1087 1950 1190 1978 diocesi
1214 1950 1241 1977 di
1260 1950 1384 1977 Lubecea
1395 1959 1410 1975 n
1427 1957 1443 1976 e
1461 1949 1544 1976 sentix

965 1994 1080 2029 ripetere
1098 1993 1143 2020 dal
1161 1993 1267 2029 Poggio
1283 1992 1335 2019 che
1349 1992 1370 2019 il
1385 1997 1543 2019 monastero

965 2038 1148 2067 cisterciense
1162 2036 1189 2063 di
1217 2036 1303 2063 Sorbe
1331 2043 1376 2062 era
1397 2036 1496 2062 situato
1515 2034 1543 2061 in

964 2079 1142 2115 luogo,«quo
1157 2078 1243 2106 adiri
1258 2083 1370 2114 potest
1385 2086 1401 2104 a
1417 2077 1543 2104 Lubich

967 2122 1106 2148 «biduo
1134 2121 1335 2157 amplius».
1371 2120 1424 2147 Per
1442 2125 1544 2155 quanto

965 2170 1053 2200 spetta
1070 2163 1123 2190 alla
1135 2164 1254 2191 seconda
1267 2162 1402 2190 domanda
1415 2161 1544 2189 confesso

963 2215 1020 2233 non
1039 2213 1130 2233 trovar
1144 2214 1191 2241 per
1206 2205 1281 2233 nulla
1296 2203 1475 2240 improbabile
1492 2204 1544 2231 che

963 2249 1034 2276 sullo
1062 2248 1169 2276 scorcio
1194 2247 1239 2275 del
1265 2247 1359 2275 secolo
1382 2254 1434 2275 xxv
1462 2246 1543 2273 abbia

964 2291 1067 2318 esistito
1097 2291 1163 2317 νυοί
1192 2290 1238 2317 nel
1265 2289 1390 2316 Holstein
1418 2287 1484 2315 νυοὶ
1512 2288 1542 2315 in

965 2332 1081 2360 Zelanda
1096 2341 1132 2359 un
1146 2331 1296 2367 esemplare
1309 2332 1396 2358 antico
1409 2330 1478 2358 delle
1490 2330 1543 2358 Sto·

964 2377 1002 2402 rie
1020 2374 1142 2407 Liviane,
1161 2374 1204 2400 del
1223 2373 1302 2409 quale
1326 2373 1388 2400 siasi
1415 2372 1460 2408 poi
1483 2380 1540 2407 per-

963 2418 1027 2444 duta
1046 2417 1110 2452 ogni
1129 2417 1237 2444 traccia.
1276 2416 1302 2443 O
1322 2424 1379 2442 non
1394 2416 1415 2442 s’
1423 2423 1477 2448 era,
1490 2422 1540 2451 per
