1682 2762
87 1250 126 1284 15

88 1946 130 1982 ²5

433 297 487 324 DI
517 297 782 327 COLUCCIO
814 299 1081 327 SALUTATI.
1286 293 1349 335 669

154 432 249 455 suam
272 420 427 456 familiam
451 422 579 456 caritate
603 423 752 468 precipua
775 433 972 468 prosecutus.
1028 433 1060 458 et
1082 436 1178 469 quare
1210 423 1264 458 diu
1288 435 1353 458 car-

157 478 284 514 ceribus
303 478 362 514 fuit
381 480 536 522 inclusus,
551 492 617 515 non
635 491 714 526 puto
737 482 824 526 quod
840 482 956 526 aliquid
980 483 1118 527 potuerit
1139 483 1352 522 committere,

154 549 222 584 qno
245 538 286 572 sit
309 539 465 584 corporali
487 539 644 584 supplicio
667 539 867 581 iudicandus,
894 541 951 574 nisi
983 540 1062 574 forte
1087 541 1192 575 leserit
1215 541 1352 586 aliquem

153 608 195 631 ex
216 597 357 642 captivis·
404 598 471 631 scio
490 597 578 642 quod
598 597 715 642 loquax
733 607 798 632 erat
813 608 845 632 et
860 599 943 643 apud
959 600 1169 644 semetipsum
1185 599 1354 644 plusquam

152 654 305 701 pmdens.
363 655 465 690 multa
498 666 625 701 semper
658 657 825 701 cogitavit,
853 657 954 690 multa
989 657 1066 691 dixit
1089 666 1120 691 et
1143 657 1243 691 multa
1277 657 1352 691 scri-

154 714 228 760 psit.
275 712 373 748 nichil
403 723 512 748 autem
547 726 690 759 unquam
714 714 798 755 fecit,
823 715 882 749 nisi
906 715 1066 749 destruere
1095 724 1213 749 statum
1246 727 1351 749 suum.

155 771 370 818 quamobrem
394 773 552 806 memoria
571 774 666 818 patris
686 782 718 807 et
736 772 868 807 fratrum
892 774 1022 815 meritis,
1045 775 1101 819 qui
1126 773 1202 807 boni
1225 783 1299 807 sunt
1323 782 1354 807 et

153 842 238 877 quos
261 831 330 877 ipse
348 830 485 865 stulticia
510 843 569 865 sua
596 843 678 876 pene
701 833 796 866 traxit
815 832 849 866 in
867 832 1003 873 ruinam,
1022 841 1054 866 te
1073 841 1222 877 rogatum
1245 831 1353 873 velim,

154 898 314 936 quatenus
346 901 403 935 per
433 891 652 934 temetipsum,
672 890 698 923 si
727 899 828 934 potes,
849 890 900 923 vel
930 889 1069 924 adhibita
1101 889 1225 923 domini
1255 889 1354 923 nostri

155 959 271 990 manu,
288 948 344 994 qui
363 958 479 982 cuncta
495 958 611 993 potest,
628 959 774 982 mearum
794 949 1059 983 intercessionum
1075 949 1191 982 intuitu
1213 948 1290 982 velis
1314 960 1354 982 ne

155 1005 197 1042 de
225 1017 364 1052 persona
390 1005 524 1047 ledatur,
553 1006 641 1052 quod
664 1016 748 1041 esset
771 1007 810 1040 ad
834 1006 952 1040 familie
977 1007 1158 1041 innocentis
1177 1005 1353 1047 infamiam,

155 1065 292 1110 operari.
339 1064 413 1099 licet
436 1064 523 1098 enim
547 1065 614 1110 ipse
638 1076 705 1098 non
729 1075 896 1106 mereatur,
921 1074 1143 1110 promerentur
1165 1065 1213 1099 sui
1237 1074 1269 1098 et
1292 1076 1354 1109 ego

156 1123 254 1169 cupio
270 1134 438 1158 summum
463 1124 495 1157 in
515 1123 652 1158 modum
675 1124 709 1157 in
734 1123 828 1158 huius
852 1122 1057 1168 benignitatis
1076 1121 1250 1164 desiderio;
1267 1122 1355 1156 beni-

155 1181 262 1228 gnitas
279 1181 413 1228 quidem
436 1192 485 1216 est
508 1182 720 1227 captivorum,
736 1182 789 1226 qui
806 1182 947 1215 maxima
965 1190 1040 1215 sunt
1055 1181 1087 1215 in
1105 1181 1240 1222 miseria,
1261 1180 1354 1214 mise-

157 1241 239 1282 [εἰς
262 1251 360 1286 opera
376 1250 431 1275 tua
447 1240 636 1285 dominique
655 1240 824 1274 clementia
841 1239 1086 1274 misericorditer
1100 1238 1253 1273 exaudiri.
1299 1250 1356 1272 vo-

156 1308 229 1334 tnm
251 1298 386 1344 quidem
400 1299 466 1333 suis
481 1308 619 1344 gratum,
640 1298 737 1333 michi
757 1310 887 1344 quoque
910 1299 1128 1343 gratissimum
1147 1307 1274 1342 propter
1288 1308 1354 1331 eos.

158 1356 204 1392 illi
223 1368 316 1399 vero,
337 1357 392 1403 qui
416 1355 497 1391 forte
521 1357 607 1401 cupit
638 1365 743 1390 morte
773 1355 864 1390 finire
895 1356 1067 1396 miseriam,
1088 1356 1194 1390 minus
1216 1363 1355 1400 gratum.

157 1415 333 1458 florentie,
356 1415 456 1462 pridie
479 1415 551 1450 idus
575 1415 661 1450 maii.

226 1473 383 1510 Colucius
407 1474 491 1508 Pieri
511 1473 551 1507 de
570 1473 722 1507 salutatis
745 1472 949 1507 cancellarius
972 1471 1170 1506 florentinus,

704 1603 815 1638 XXII.

611 1675 660 1708 Ar.
685 1683 855 1714 mansino
863 1673 908 1706 (¹).

160 1749 207 1787 [R.
226 1749 310 1778 Aah.
329 1749 356 1776 di
376 1749 454 1776 stam
473 1749 500 1776 in
520 1748 617 1781 Lucca,
637 1747 755 1775 Govmw
774 1747 801 1774 di
819 1747 847 1774 Ρ.
869 1747 984 1782 Guinigi,
1005 1746 1101 1774 Lmen
1124 1755 1140 1773 a
1160 1745 1192 1774 G.
1218 1746 1356 1782 Mansrcdi,

232 1798 292 1827 filza
306 1806 350 1835 29,
363 1797 514 1834 autografa.
552 1797 573 1824 11
585 1797 708 1834 suggello
722 1805 828 1830 manca,
841 1804 885 1823 ma
898 1795 962 1823 dau·
973 1796 1152 1832 impressione
1165 1795 1276 1823 lasciata
1289 1795 1356 1823 sulla

232 1854 307 1878 enm
325 1849 432 1877 rilevasi
452 1847 504 1875 che
523 1847 644 1883 figurava
663 1854 715 1874 una
734 1852 809 1882 targa
829 1854 880 1873 con
900 1854 952 1872 una
972 1845 1073 1880 crece]

235 1929 361 1975 Insigni
386 1929 455 1963 viro
478 1939 530 1962 ser
552 1926 696 1962 Guidoni
719 1925 759 1959 de
783 1926 986 1959 Petrasancta
1009 1924 1197 1959 cancellario
1220 1925 1280 1958 &c.

404 1986 492 2022 fratri
516 1997 592 2020 meo
615 1985 785 2019 karissimo
808 1993 839 2018 et
858 1985 994 2029 optimo.
1040 1984 1114 2018 .Co.

246 2077 277 2101 Ιι
296 2066 443 2111 insignis,
463 2065 557 2099 frater
579 2074 611 2098 et
634 2063 736 2097 amice
760 2063 935 2096 karissime.
982 2061 1064 2095 forte
1083 2061 1190 2094 veniet
1209 2061 1288 2094 istuc
1307 2071 1358 2094 ca-

163 2073 401 2159 Vrissimus
436 2122 530 2157 frater
563 2133 655 2156 meus
685 2120 778 2155 frater
812 2120 928 2154 Paulus
953 2119 1085 2154 Bianchi
1117 2118 1156 2152 de
1187 2118 1357 2159 Florentia,

161 2180 285 2217 ordinis
307 2181 507 2227 Altopassus.
561 2190 592 2214 et
615 2179 690 2224 quia
706 2178 815 2223 prelati
835 2177 883 2211 sui
907 2177 1014 2211 solent
1030 2176 1219 2222 plerumque
1233 2175 1266 2209 in
1281 2183 1357 2210 suos

212 2277 234 2302 7.
249 2270 342 2300 L'oriff.
356 2271 432 2300 ripere
446 2268 555 2295 frenum,
574 2274 612 2290 aa
625 2268 765 2291 cancellato.
820 2273 858 2296 ²5·
869 2267 924 2290 Con)
938 2272 954 2289 a
969 2269 1039 2295 tergo
1051 2265 1250 2295 dell‘aueogrqso.

784 2342 977 2370 famosissimo
996 2341 1099 2374 invece‚
1119 2348 1197 2368 come
1215 2340 1268 2367 ben
1283 2340 1305 2366 si
1318 2347 1358 2373 sa,

785 2385 812 2412 fu
822 2385 839 2412 Ι·
850 2385 955 2413 Ordine
971 2393 986 2411 a
1001 2383 1045 2412 cui
1057 2383 1111 2419 egli
1123 2388 1294 2419 appartenne,
1307 2381 1358 2408 che

785 2428 806 2455 si
826 2428 936 2455 chiamb
955 2425 1142 2462 d'Altopascio
1161 2424 1205 2452 dal
1223 2424 1305 2460 luogo
1330 2423 1358 2450 in

786 2471 826 2497 cui
846 2477 923 2497 sorse
940 2468 977 2496 fin
995 2467 1030 2495 da
1048 2473 1142 2504 tempo
1159 2473 1268 2494 remoto
1286 2464 1357 2493 nella

195 2346 240 2383 (ι)
259 2346 372 2383 Neppur
390 2346 415 2373 di
445 2344 484 2372 fra
509 2343 596 2371 Ptolo
624 2343 738 2371 Bianchi

160 2389 196 2417 dn
215 2388 334 2422 Flrenze.
362 2388 388 2415 in
414 2387 507 2414 favore
533 2385 578 2413 del
607 2385 686 2422 quale
714 2385 740 2412 la

162 2437 288 2468 pre-ente
306 2432 323 2458 e
340 2430 442 2463 scritta,
461 2435 600 2466 potemmo
624 2428 741 2455 :invenit

162 2473 298 2503 nemori·
322 2473 367 2501 ne'
388 2471 544 2500 documenti
568 2470 613 2498 del
638 2477 740 2506 tempo.

1411 430 1436 451 Ei
1462 437 1505 451 non
1532 430 1590 450 crede

1381 458 1418 478 cb:
1441 457 1509 477 pietro
1531 457 1590 477 abbi·

1380 484 1412 505 nel
1433 490 1515 504 :acere
1535 490 1589 504 com·

1381 517 1448 531 meno
1458 510 1543 531 malefici
1553 510 1590 530 che

1381 538 1411 565 gli
1438 537 1512 570 ”¹3²⁸
1538 543 1590 564 pene

1381 564 1498 592 corpor-113

1381 605 1402 625 lo
1421 611 1443 625 u
1462 604 1564 628 ciuliero,
1579 610 1591 623 e

1381 638 1443 655 nno,
1454 638 1488 651 ma
1501 637 1542 651 non
1550 636 1592 651 cn-

1380 659 1441 682 tivo;
1459 657 1500 678 ule
1515 659 1591 678 insom-

1381 691 1414 705 mn
1446 685 1484 705 che
1515 683 1543 704 fe'
1558 684 1590 704 del

1381 711 1434 732 male
1451 717 1531 738 sempr:
1544 717 1556 731 ι
1569 717 1591 731 κ

1381 744 1456 786 32:¹10.
1466 744 1508 758 non
1522 738 1557 765 gia
1566 738 1591 758 nd

1401 770 1409 786 1
1444 780 1448 785 .

1408 893 1435 915 Se
1448 893 1517 914 Guido
1526 894 1592 914 dietro

1382 920 1401 941 le
1407 921 1548 942 intercessioni
1555 927 1592 941 me

1382 948 1400 968 ιί
1414 949 1514 968 mmcd
1533 947 1592 968 mise-

1382 975 1497 995 ticon-dion
1509 981 1545 1002 per
1554 974 1591 997 lui,

1383 1300 1424 1328 egli
1434 1306 1459 1321 ne
1473 1300 1518 1321 nri
1527 1300 1592 1321 obbli-

1383 1332 1440 1375 ἕξει
1447 1327 1487 1348 ιΙΙι
1496 1333 1533 1348 mn
1543 1328 1590 1348 mi·

1443 2023 1534 2049 Firenu,

1393 2056 1418 2076 ²5
1433 2050 1498 2078 luglio
1515 2056 1568 2077 140..
1574 2050 1585 2071 ἲ

1415 2091 1473 2112 Deve
1499 2091 1556 2112 venir
1582 2097 1594 2111 ι

1385 2117 1461 2143 Lucet,
1470 2117 1594 2139 chinnnovl

1384 2145 1416 2165 dni
1426 2145 1472 2165 nuel
1486 2151 1510 2165 nx
1546 2145 1594 2169 lori,

1385 2171 1416 2191 M
1429 2171 1492 2192 Panlo
1526 2171 1594 2192 inuehi

1384 2198 1416 2218 del
1434 2199 1516 2218 mon-ci
1530 2197 1594 2218 ἀἈΙ-

1384 2225 1488 2252 topacio.
