1682 2762
365 280 424 320 17⁶
783 281 1126 310 EPISTOLARIO

118 420 330 448 mpmfflepm.
362 416 436 437 cum
460 403 571 448 negari
594 411 744 447 nequeat,
771 401 989 436 inficiandum.
1054 412 1095 435 an
1122 410 1230 435 autem
1254 403 1447 436 sententiam
1471 402 1554 437 hanc

118 448 332 506 ifccfflnffiffssgfiiss'ff
360 462 508 506 dysticon
538 461 618 494 illud
642 460 798 501 intendat,
823 460 883 494 alia
905 460 1032 504 questio
1055 469 1120 494 est:
1145 471 1233 501 nam,
1259 461 1395 505 quanvis
1428 461 1554 495 verissi-

117 502 160 523 Μ’
359 531 450 553 mum
474 519 514 552 sit
538 519 570 552 id
594 518 681 563 quod
706 518 815 552 dicunt
842 518 882 552 de
905 529 996 551 more
1020 526 1052 551 et
1074 518 1266 562 proprietate
1293 519 1463 563 scriptoriS,
1486 530 1555 553 non

357 577 500 621 sequitur
520 585 629 610 tamen
649 575 680 609 id
695 576 768 609 illos
788 584 1040 620 componentem
1056 575 1232 610 versiculos
1243 576 1426 610 intendisse.

427 634 587 678 Principio
611 633 744 678 quidem
763 645 826 677 qua
848 634 973 667 ratione
997 633 1060 667 dici
1085 642 1190 678 potest
1218 645 1275 678 per
1297 645 1412 667 coma
1435 633 1554 678 digres-

359 694 496 732 sionem,
510 693 578 725 imo
595 691 829 736 digressionum
850 691 1074 736 frequentiam,
1092 703 1190 736 quam
1204 692 1249 725 illi
1267 693 1420 736 cogitant,
1433 691 1555 736 signifi-

359 751 448 784 cari?
492 750 653 794 tripliciter
671 751 760 783 enim
785 761 900 784 coma
923 750 1071 791 sumitur,
1089 759 1125 783 ut
1143 761 1282 791 comam,
1303 749 1342 783 de
1363 761 1428 794 qua
1445 761 1554 784 sermo

357 820 424 842 non
433 817 492 849 est,
502 808 635 842 crinium
648 808 795 842 videlicet
807 817 1046 848 ornamentum,
1056 807 1255 842 omittamus.
1292 819 1370 841 nam
1387 807 1471 853 apud
1483 820 1555 842 mu-

358 867 442 900 sicos
463 879 479 900 c
489 878 509 900 o
519 878 552 900 m
565 878 582 900 a
598 866 711 900 dicitur
728 877 892 907 numeruS,
910 878 975 911 quo
991 877 1048 900 sex
1061 866 1129 899 toni
1141 875 1291 911 superant
1309 867 1555 900 consonantiam

361 924 513 968 diapason
523 924 568 957 (¹).
615 924 677 958 hoc
696 924 783 957 enim
804 924 879 958 certi
902 935 1013 958 sumus
1033 932 1196 958 auctorem
1215 923 1344 958 illorum
1363 924 1556 966 carminum,

361 983 503 1026 quisquis
527 981 632 1022 fuerit,
655 982 728 1015 licet
750 982 830 1015 scire
849 982 930 1015 sicut
953 990 985 1015 et
999 981 1058 1015 a-lia
1077 981 1179 1015 multa
1192 991 1288 1025 poete
1306 982 1356 1023 sit,
1372 981 1555 1016 nullatenus

358 1040 510 1074 voluisse.
556 1051 655 1084 penes
675 1048 818 1073 oratores
832 1048 941 1073 autem
961 1051 1069 1073 coma
1087 1039 1246 1085 significat
1263 1039 1367 1074 taliter
1380 1038 1555 1084 perfectam

358 1098 564 1138 sententiam,
589 1097 676 1142 quod
701 1097 818 1142 aliquid
842 1106 951 1131 tamen
976 1096 1180 1131 adiciendum
1202 1098 1243 1131 sit
1265 1098 1464 1142 supersitque
1482 1108 1554 1142 pro-

361 1155 592 1196 nunciandum,
617 1165 662 1195 ut,
688 1167 760 1189 cum
785 1156 942 1189 sententia
965 1155 1101 1200 perfecta
1130 1155 1257 1189 colon
1289 1156 1340 1196 sit,
1368 1154 1555 1200 imperfecta

357 1225 434 1247 vero
459 1225 500 1247 su
514 1214 680 1258 spensio
705 1212 767 1247 dici
786 1222 899 1257 queat;
919 1213 1131 1247 ubividelicet
1146 1213 1319 1247 commode
1338 1214 1554 1258 pronuncians

357 1281 389 1305 et
407 1271 547 1316 quodam
564 1271 665 1305 modo
681 1272 860 1304 necessario
876 1272 1063 1315 requiescit;
1079 1271 1224 1305 medium
1240 1271 1357 1305 horum
1373 1271 1413 1305 sit
1427 1271 1492 1305 iam
1507 1271 1554 1305 sic

356 1329 508 1374 perfecta,
543 1328 630 1373 quod
663 1328 766 1362 adhuc
797 1329 1026 1363 accumulanda
1056 1329 1212 1363 sententia
1243 1338 1340 1363 restet
1373 1329 1554 1363 intentione

356 1388 515 1431 scriptoris
526 1387 570 1420 (²).
625 1387 742 1420 vellem
758 1386 900 1431 quidem,
917 1386 1025 1431 igitur,
1042 1386 1129 1431 quod
1153 1398 1288 1428 coma,
1307 1395 1403 1431 prout
1418 1385 1496 1421 illud
1511 1387 1553 1420 si-

357 1445 498 1490 gnificat,
520 1445 753 1489 digressionem
773 1445 870 1478 etiam
887 1445 1087 1489 exprimeret.
1134 1456 1247 1479 verum
1266 1457 1322 1489 per
1337 1445 1554 1479 translationis

355 1504 635 1548 improprietatem
657 1503 749 1537 illum
771 1514 902 1536 sensum
926 1502 966 1536 ad
988 1503 1051 1536 hoc
1074 1502 1210 1544 trahere,
1232 1504 1343 1537 nescio
1365 1504 1392 1536 si
1414 1504 1553 1537 rationa-

356 1562 460 1595 biliter
491 1561 558 1595 fieri
588 1562 697 1606 possit.
763 1572 826 1606 ego
859 1560 991 1605 quidem
1019 1560 1122 1595 fateor
1152 1561 1184 1594 id
1214 1561 1304 1595 nullo
1330 1560 1432 1595 modo
1454 1561 1553 1596 michi

355 1619 466 1660 videri,
485 1620 641 1664 quoniam
661 1618 905 1663 significationis
925 1619 1078 1663 vocisque
1097 1618 1260 1653 translatio
1279 1631 1319 1653 ex
1334 1619 1441 1664 aliquo
1456 1631 1552 1654 sensu

146 647 163 668 C
169 654 182 668 ο
189 654 208 667 m
215 654 227 667 ι
262 646 330 666 insueti

122 681 180 695 come
195 673 291 701 potrebbe
305 673 331 692 si-

120 701 214 727 gnifica-e
255 700 330 726 digres-

118 728 178 748 sione
188 727 198 747 ἲ

147 815 201 836 Euo
216 815 228 835 e
242 814 330 835 termine

119 841 217 863 musicale

117 1053 128 1066 e
151 1045 236 1066 termine
257 1049 328 1065 outo-

117 1079 151 1093 ne
159 1079 165 1098 ς

119 1400 152 1413 rnn
166 1392 230 1413 niuno
251 1392 282 1412 dei
303 1392 328 1412 si-

148 1420 219 1444 ificnri,
240 1419 277 1439 ebe
295 1419 327 1439 ne'

119 1427 158 1467 ἕιῖε
178 1447 219 1467 cni
239 1453 327 1470 assume,

118 1474 136 1493 si
143 1473 229 1500 anagli-
237 1473 256 1493 εἰ
264 1473 328 1500 luogo

118 1501 140 1520 in
155 1500 269 1527 questione.

411 1730 444 1746 η.
460 1723 516 1746 Cod.
531 1723 559 1745 di
571 1722 670 1745 voluisse
684 1729 730 1746 non
744 1722 775 1745 άὰ
789 1723 832 1745 che
846 1723 869 1745 Ia
886 1722 972 1745 sillaba
988 1722 1085 1751 initiale
1102 1729 1115 1744 e
1130 1728 1207 1752 tegna
1220 1722 1308 1751 quindr'
1320 1723 1413 1747 lacum.

390 1810 431 1845 (ι)
451 1804 472 1837 E
487 1810 513 1837 la
532 1809 694 1837 definizione
714 1810 764 1837 che
782 1810 817 1836 da
845 1810 930 1837 Bou-r.
979 1820 993 1835 «
1005 1809 1067 1846 plex
1079 1810 1193 1846 virgula,
1206 1819 1258 1846 que
1271 1810 1340 1838 solet
1358 1798 1454 1847 quietis
1468 1811 1554 1847 gratia

354 1853 414 1880 Inst.
429 1862 490 1879 mus.
510 1853 543 1885 ΙΙ,
566 1861 605 1887 31.

390 1894 433 1930 (2)
452 1895 482 1921 In
505 1895 590 1930 quest'
602 1903 724 1922 accenno
744 1895 769 1921 ai
788 1894 932 1930 principali

354 1937 430 1972 segni
450 1937 475 1963 d’
486 1938 690 1972 interpunzione
708 1938 778 1964 usati
791 1937 824 1963 da
838 1936 931 1963 coloro

355 1978 404 2004 che
423 1978 582 2004 scrivevano
605 1984 822 2010 correttamente‚
834 1978 854 2004 il
867 1978 894 2004 S.
908 1978 928 2004 si

355 2020 483 2046 dimostra
514 2029 631 2055 seguace
662 2020 702 2047 de'
716 2020 829 2056 precetti
858 2019 931 2046 della

355 2061 448 2088 scuola
466 2062 576 2089 italiana
595 2061 643 2096 (cf.
658 2062 793 2097 Tuunor,
806 2063 890 2090 Notic.
908 2066 930 2090 et

354 2108 415 2131 extr.
436 2104 479 2132 cit.
499 2113 524 2140 p.
537 2112 588 2140 4¹3
609 2104 689 2140 sgg.),
706 2104 757 2131 che
776 2105 831 2140 egli
843 2111 930 2132 stesso

354 2146 390 2173 ha
403 2146 445 2173 del
459 2153 530 2173 resto
546 2147 729 2174 chiaramente
744 2147 845 2183 esposti
856 2147 930 2174 nella

355 2190 428 2216 Ratio
444 2190 591 2225 punctandi‚
606 2198 620 2216 a
633 2189 671 2216 lui
689 2190 825 2216 attribuita
844 2191 876 2217 da
892 2199 928 2216 un

355 2231 452 2257 codice
471 2231 612 2258 Marciano
622 2231 692 2266 (Lat.
703 2231 751 2264 XI,
759 2239 817 2264 101,
828 2240 850 2258 c.
860 2231 928 2264 641³:

354 2272 461 2299 Racio
480 2273 672 2308 punctandi
692 2273 831 2300 Colutii
850 2273 930 2300 Flo-

354 2315 517 2350 rentini):
533 2325 547 2341 «
559 2316 628 2342 Sunt
640 2324 705 2343 vero
718 2316 819 2352 puncti,
833 2316 929 2352 quibus

357 2359 488 2393 «utimur,
508 2360 782 2394 suspensivus,
805 2368 929 2392 coma,

356 2400 523 2433 «colum,
542 2401 729 2436 periodus
752 2407 788 2429 et
810 2402 930 2429 inter—

357 2452 370 2467 «
381 2450 394 2468 r
403 2450 419 2468 o
429 2451 447 2478 g
457 2452 471 2469 a
483 2451 496 2469 c
507 2443 515 2469 i
526 2452 542 2470 o
550 2464 556 2470 .
602 2445 776 2480 suspensivus
801 2451 841 2472 est
866 2445 929 2472 sim-

977 1853 1067 1889 «poni
1092 1859 1237 1889 antequam
1261 1861 1355 1880 sensus
1379 1853 1500 1881 clausule
1519 1853 1555 1880 sit

976 1905 990 1921 α
1003 1895 1165 1931 completus.
1202 1895 1296 1923 colum
1315 1902 1356 1923 est
1373 1901 1488 1931 punctus
1500 1895 1554 1932 pla·

977 1947 1061 1971 «nus,
1080 1939 1125 1974 qui
1151 1938 1260 1974 ponitur
1286 1938 1315 1964 in
1341 1938 1396 1965 fine
1423 1937 1553 1971 clausule,

978 1992 992 2007 «
1003 1983 1112 2018 quando
1130 1989 1203 2010 totus
1222 1991 1318 2010 sensus
1336 1982 1490 2018 completus
1503 1988 1552 2010 est.

976 2034 990 2050 τι
1002 2033 1082 2052 coma
1095 2033 1160 2052 vero
1180 2024 1351 2060 componitur
1369 2033 1402 2051 ex
1414 2024 1467 2051 hiis
1484 2023 1554 2051 duo-

976 2068 1065 2100 «bus;
1087 2074 1128 2094 est
1149 2067 1223 2094 enim
1251 2073 1366 2103 punctus
1390 2066 1486 2102 planus
1508 2074 1553 2094 sn-

976 2119 990 2134 «
1002 2118 1051 2145 per
1065 2117 1148 2145 quem
1163 2108 1269 2136 ducitur
1280 2108 1387 2144 virgula
1397 2109 1424 2135 iu
1437 2107 1552 2135 modum

975 2161 990 2176 «
1001 2151 1123 2187 punctuli
1137 2150 1286 2186 suspensivi
1298 2156 1325 2177 et
1337 2150 1439 2177 utimur
1449 2150 1477 2176 in
1489 2149 1552 2178 loco

977 2193 1047 2219 «ubi
1066 2198 1156 2228 potest
1177 2192 1298 2219 clausula
1321 2191 1380 2219 fore
1405 2191 1552 2228 completa,

977 2234 1048 2261 «sed
1073 2243 1105 2261 ex
1132 2234 1270 2261 scribentis
1296 2234 1452 2261 intencione
1477 2233 1551 2260 aliud

975 2282 1041 2303 «est
1067 2276 1229 2303 addendum.
1271 2276 1395 2311 periodus
1419 2281 1461 2302 est
1483 2283 1552 2311 pun·

976 2329 990 2344 «
1001 2325 1060 2346 ctus
1078 2318 1228 2354 multiplex,
1241 2327 1323 2354 quem
1338 2318 1366 2345 in
1378 2317 1431 2345 fine
1444 2317 1552 2353 capituli

975 2361 1043 2388 «vel
1065 2361 1149 2388 tocius
1172 2361 1301 2387 orationis
1324 2361 1444 2387 solemus
1470 2368 1551 2396 appo-

975 2411 1073 2435 «nere,
1088 2411 1149 2430 cum
1170 2403 1253 2430 nichil
1273 2403 1382 2430 ulterius
1404 2402 1438 2430 sit
1459 2402 1551 2429 dicen-

975 2455 989 2470 «
1001 2445 1090 2471 dum»
1111 2445 1160 2473 διε.
1220 2435 1238 2450 ⁴*
