1682 2762
351 289 414 330 196
777 293 1120 321 EPISTOLARIO

133 423 212 444 Riebbe
228 422 285 444 forse
305 423 319 443 il

106 456 176 471 morto
194 450 291 477 figliuolu
305 456 319 470 ο

105 477 152 497 vide
202 477 318 497 emendat-si

103 503 225 524 l’nmsino
234 503 244 523 ?

346 419 423 463 quid
454 419 486 451 in
518 419 694 451 maximam
728 417 970 450 damnationem
1000 417 1073 450 fecit
1103 416 1206 450 luctus
1237 426 1269 450 et
1301 416 1419 450 fletus?
1463 416 1540 460 quid

346 485 454 508 autem
483 475 526 507 illi
550 473 669 518 profuit
691 474 800 507 tandiu
826 474 958 518 lugere?
1000 486 1080 508 num
1109 474 1307 518 recuperavit
1329 474 1429 514 Abel3
1460 485 1540 507 num

346 534 441 566 etiam
474 531 663 576 parricidam
691 532 790 565 alium
817 532 868 565 vel
891 532 1029 575 placavit
1055 531 1107 565 vel
1132 532 1291 566 correxit?
1337 532 1436 565 multa
1466 540 1541 566 sunt

345 591 452 624 inania
470 591 505 623 in
525 589 584 623 hac
596 599 704 623 nostra
719 589 784 623 vita
801 589 927 623 mortali
939 601 947 630 ;
961 589 1060 623 nichil
1071 598 1180 623 tamen
1193 590 1320 623 inanius
1343 601 1440 634 quarn
1456 601 1540 623 mor-

345 648 421 682 tales
444 647 519 682 flere
538 648 720 688 mortalem,
743 659 841 690 quam
864 647 897 681 id
916 658 1078 681 assumere
1101 647 1189 692 quod
1212 656 1339 691 ternpus
1363 648 1483 691 eripiat,
1507 647 1540 681 id
1568 653 1587 687 5

342 706 484 751 quodam
503 706 592 750 quasi
617 705 718 739 modo
737 705 890 749 profiteri,
912 705 1000 749 quod
1020 715 1158 749 prestare
1177 717 1243 739 non
1263 705 1378 739 valeas.
1425 704 1540 738 efficiat

343 765 374 797 in
395 774 426 798 te
449 764 529 798 ratio
555 763 752 797 laudabiliter
774 763 862 808 quod
881 772 1008 808 tempus
1032 764 1100 797 sine
1123 763 1266 808 pondere
1293 773 1346 797 tue
1375 775 1540 797 commen·

344 822 481 856 dationis
500 821 645 866 implebit
653 835 662 862 ;
687 821 774 866 quod
798 821 875 855 falsa
899 821 1038 866 quedam
1062 821 1175 855 mundi
1206 821 1385 855 iocunditas
1408 821 1460 855 vel
1484 833 1540 855 au-

342 879 421 913 feret
444 880 496 913 vel
516 880 735 923 interrumpet.
783 879 870 913 nulla
893 890 943 912 res
967 879 1051 912 inter
1073 879 1223 912 mortales
1247 878 1328 912 adeo
1351 879 1456 913 suavis
1480 887 1538 920 est,

342 949 405 981 que
428 949 495 971 non
520 938 623 981 capiat
646 949 684 970 ex
701 936 907 970 diuturnitate
926 936 1105 978 fastidium3
1124 946 1246 981 quanto
1265 937 1368 981 magis
1383 948 1446 981 que
1464 946 1539 971 sunt
1571 947 1610 971 ro

342 995 441 1028 tristia
465 995 516 1028 vel
541 995 663 1029 amara!

409 1053 473 1087 Sed
497 1065 553 1087 cur
576 1065 638 1097 ego
662 1062 692 1086 te
718 1063 849 1092 moneo,
874 1053 926 1096 qui
952 1052 1120 1096 singularis
1144 1052 1260 1085 nostris
1283 1052 1482 1096 temporibus
1503 1063 1538 1086 es

343 1123 418 1145 vere
435 1111 662 1145 consolationis
686 1111 893 1155 exemplum?
937 1112 1022 1145 nosti
1042 1111 1129 1155 quod
1152 1111 1265 1144 flentes
1288 1110 1449 1144 nascimur
1459 1110 1540 1145 fleti-

343 1181 405 1214 que
428 1169 618 1203 revertimur
640 1169 673 1202 in
701 1169 852 1210 cinerem,
875 1168 914 1202 de
938 1180 1001 1213 qua
1028 1170 1146 1213 sumpti
1169 1180 1291 1202 sumus·
1337 1168 1467 1213 perfecit
1485 1168 1538 1202 ille

343 1239 417 1260 vere
441 1226 689 1260 benedictus
714 1225 806 1260 frater
830 1236 902 1260 tuus
927 1238 1044 1260 munus
1068 1225 1224 1266 suum(¹);
1245 1237 1312 1259 non
1330 1226 1468 1266 recessit,
1480 1225 1537 1259 sed
1568 1235 1605 1268 15

343 1285 510 1329 precessit3
537 1296 601 1318 non
621 1284 708 1325 obiit,
733 1284 789 1318 sed
809 1284 902 1326 abiit3
923 1284 962 1317 ad
978 1295 1086 1329 quern,
1103 1295 1178 1318 curn
1195 1285 1283 1318 Deus
1299 1284 1435 1325 iusserit,
1449 1295 1537 1318 acce-

345 1343 467 1384 demus,
487 1344 569 1377 sicut
591 1343 658 1387 ipse
682 1343 775 1376 nobis
799 1343 838 1376 ad
862 1352 1065 1387 premortuos
1088 1343 1266 1377 antecessit.
1312 1351 1346 1376 tu
1359 1342 1537 1383 consolare,

344 1411 438 1446 prout
462 1401 591 1435 confido
614 1410 772 1445 proutque
805 1401 889 1434 soles
912 1410 944 1435 et
973 1400 1080 1442 debes,
1105 1412 1233 1435 mernor
1255 1400 1354 1446 quod,
1377 1401 1459 1435 sicut
1489 1400 1537 1434 ad

346 1461 372 1494 R
382 1472 402 1493 o
413 1471 447 1492 m
457 1471 474 1492 a
483 1460 524 1492 ni
535 1471 553 1492 a
562 1471 583 1492 n
593 1472 613 1493 u
625 1471 659 1492 m
674 1459 782 1492 scribit
797 1459 956 1500 Aurelius,
970 1460 995 1492 si
1008 1458 1115 1492 divina
1128 1458 1328 1504 providentia
1339 1458 1539 1503 portenditur

345 1529 446 1562 usque
458 1517 497 1551 ad
512 1529 582 1558 nos,
596 1517 684 1562 quod
699 1517 832 1550 minime
848 1516 1060 1552 dubitandum
1077 1526 1134 1558 est,
1151 1516 1195 1551 sic
1206 1526 1314 1551 tecum
1333 1517 1384 1562 agi
1401 1525 1537 1562 oportet,

344 1585 380 1609 ut
403 1576 506 1620 agitur
520 1575 565 1608 (²).
613 1575 682 1608 vale
697 1574 783 1615 felix,
800 1575 826 1608 si
846 1575 1044 1620 patientiam,
1063 1584 1099 1609 ut
1114 1585 1242 1620 oportet
1257 1584 1290 1610 et
1304 1586 1479 1620 speramuS,
1492 1586 1538 1609 as-

509 1633 681 1674 Florentie,
705 1632 855 1667 kalendas
879 1635 1018 1678 augusti.

129 594 192 614 Nulla
201 594 212 613 ὲ
220 593 254 620 piu
265 600 317 614 vano

104 621 142 641 che
168 621 265 647 plangere
284 620 317 640 ehi

104 648 115 667 ὲ
130 652 208 667 morto.

131 1050 165 1070 Mn
185 1049 225 1077 egli
244 1050 256 1069 ὲ
275 1049 315 1069 tale

106 1077 131 1097 da
154 1083 196 1097 non
218 1083 265 1096 aver
285 1076 315 1096 bi-

104 1110 172 1130 sogno
198 1103 217 1123 di
245 1102 315 1123 siffntti

105 1130 202 1157 consigli.

132 1231 244 1252 Benedeno
264 1232 280 1252 l'
290 1232 316 1252 bn

106 1259 216 1285 precedunt>
226 1258 272 1279 coli
281 1259 319 1279 do-

106 1285 169 1312 v'egli
191 1292 238 1312 pure
258 1292 317 1313 spen

106 1318 222 1338 pervenire:
237 1313 255 1332 si
269 1319 316 1333 cou-

105 1338 145 1358 soli
166 1338 207 1359 dun
221 1345 246 1359 ue
267 1345 278 1359 e
298 1340 316 1359 ai

106 1365 175 1392 pieghi
183 1366 203 1386 ni
208 1346 275 1387 {divin}
282 1366 317 1386 de-

104 1396 161 1412 mu.

1565 1528 1608 1552 20

344 1644 461 1667 sumes.

398 1752 417 1767 ι.
432 1744 463 1767 1³²
479 1746 503 1768 in
517 1746 592 1774 luogo
606 1745 644 1767 del
653 1746 731 1774 primo
745 1745 800 1774 quid
813 1746 844 1768 da
859 1746 920 1775 quod
1000 1753 1026 1773 4.
1040 1745 1143 1775 inanius]
1157 1745 1189 1769 R³
1203 1745 1276 1769 maius

1350 1745 1372 1770 6.
1387 1744 1421 1768 ΝῙ
1435 1746 1537 1774 profluet

346 1792 380 1815 ¹3.
396 1786 462 1814 Dopo
476 1786 537 1815 quod
553 1784 583 1807 R²
598 1785 629 1808 dc'z
643 1785 665 1807 fe
679 1786 818 1809 cancellato.
877 1792 915 1814 ¹4-
930 1784 963 1808 N¹
978 1786 1065 1814 perficit
1434 1799 1439 1806 .

963 1883 1113 1910 Francesca
1132 1883 1158 1910 di
1171 1882 1286 1910 Niccolo
1302 1882 1345 1910 del
1357 1882 1384 1910 fu
1399 1883 1481 1910 Ciuto
1492 1882 1535 1910 del

962 1925 1064 1961 popolo
1079 1925 1107 1952 di
1126 1925 1154 1953 S.
1173 1925 1272 1961 Iacopo
1293 1925 1433 1958 Oltramo,
1446 1926 1481 1952 da
1494 1926 1535 1952 cui

378 1882 421 1918 (ι)
440 1882 519 1909 Della
532 1883 585 1909 vita
599 1883 625 1910 di
641 1883 791 1910 Benedetto
811 1883 918 1911 Grifoni

341 1933 410 1960 poco
429 1925 455 1951 n’
471 1927 485 1952 e
505 1934 636 1952 concesso
651 1934 770 1953 narrare.
800 1925 840 1952 Fu
857 1925 918 1952 dot-

340 1974 397 1995 tore
413 1968 440 1995 di
459 1968 534 2003 leggi
549 1969 582 1995 ed
601 1969 628 1994 in
647 1969 701 1995 tale
716 1969 817 2004 qualit&
839 1970 916 2004 segul

342 2019 421 2038 come
437 2011 592 2038 collaterale
612 2011 656 2038 nel
674 2010 740 2047 1376
759 2011 870 2038 Strozza
889 2011 915 2038 di

341 2052 424 2079 Carlo
441 2052 542 2079 Strozzi
556 2053 638 2079 eletto
652 2053 764 2088 podesta
777 2053 803 2079 di
825 2053 913 2080 Prato.

339 2094 392 2121 Nel
409 2095 474 2129 1378
494 2095 633 2122 chiamato
650 2095 700 2122 alla
717 2095 868 2131 podesteria
888 2095 915 2122 di

340 2136 508 2172 Modigliana
527 2137 617 2164 chiese
633 2137 666 2164 ed
683 2143 792 2164 ottenne
808 2138 852 2164 dal
872 2145 914 2164 co-

339 2187 422 2206 mune
446 2179 546 2206 licenza
571 2180 597 2206 di
623 2186 757 2207 accettare
784 2179 914 2213 l’ufficio,

339 2221 433 2256 previo
452 2221 471 2248 il
490 2228 655 2257 pagamento
680 2222 751 2249 della
769 2222 848 2249 solita
867 2230 914 2257 ga·

338 2263 416 2290 bella.
456 2264 484 2290 L'
495 2273 567 2291 anno
586 2264 659 2300 dopo
675 2266 758 2292 meno
771 2265 798 2291 in
812 2265 915 2300 moglie

962 1967 1028 1995 ebbe
1044 1976 1080 1994 un
1095 1967 1172 2002 figlio
1184 1976 1232 2003 per
1246 1976 1330 1994 nome
1349 1967 1536 1995 Bartolomeo.

962 2009 1048 2037 Testo
1073 2010 1118 2037 nel
1143 2010 1187 2045 ’94
1206 2019 1221 2037 e
1240 2016 1280 2037 tre
1299 2010 1363 2036 anni
1387 2009 1459 2046 dopo
1478 2018 1536 2037 mo-

959 2054 1025 2079 riva.
1057 2052 1148 2079 Tanto
1158 2052 1351 2088 apprendiamo
1360 2051 1424 2078 dall'
1435 2060 1479 2087 op.
1491 2051 1534 2079 cit.

960 2094 987 2120 di
1002 2094 1030 2122 Ρ.
1043 2094 1132 2122 DELL'
1142 2094 1263 2127 Aucst,
1281 2094 1332 2121 loc.
1347 2094 1391 2121 cit.
1406 2102 1421 2120 e
1434 2093 1477 2120 dai
1489 2093 1535 2129 gia⁴

959 2137 1088 2164 ricordati
1106 2137 1195 2172 spogli
1217 2136 1388 2172 genealogici
1407 2135 1451 2163 del
1469 2136 1534 2163 Pas-

960 2188 1048 2206 serim.

995 2222 1038 2256 (2)
1062 2221 1090 2248 S.
1112 2222 1187 2249 Auo.
1207 2221 1306 2249 Contra
1324 2220 1406 2248 Acad.
1430 2220 1451 2253 1,
1470 2229 1480 2247 1
1505 2220 1533 2247 iu

962 2265 1053 2301 Opera,
1076 2265 1097 2298 Ι,
1116 2264 1178 2301 906.
