1696 2782
351 281 392 314 88
777 283 1115 312 EPISTOLARIO

114 418 324 452 .gg÷u„gequei10dei
351 413 424 446 fecit
443 422 473 446 et
490 412 550 445 hoc
570 411 655 444 idem
668 410 767 443 seculi
782 411 880 443 nostri
901 409 1008 450 decus,
1034 409 1220 442 Franciscus
1244 409 1406 450 Petrarca3
1426 407 1544 442 fecerat

113 448 230 498 5323?
242 446 323 466 &Gen
351 481 382 505 et
405 480 477 504 ante
501 481 575 503 eum
600 469 712 503 Gerius
736 469 896 502 Aretinus.
945 479 1008 508 cur,
1030 479 1119 512 ergo,
1139 467 1286 507 subicies,
1310 476 1476 501 tantorum
1496 468 1545 501 vi-

352 541 459 563 rorum
480 540 545 561 non
565 527 694 560 imitaris
715 527 935 560 auctoritatem
956 535 988 559 et
1007 525 1038 558 id
1058 525 1146 569 quod
1165 537 1220 570 per
1239 535 1280 559 se·
1298 535 1449 570 ceperunt
1467 537 1544 560 con-

113 604 155 617 non
173 597 229 617 basta
250 603 261 616 ι
282 603 324 623 per-
351 587 410 620 silii
435 597 500 619 non
525 585 689 629 capescis?
735 585 782 618 cui
803 583 974 617 obiectioni
996 583 1146 617 facillime
1165 583 1378 628 respondebo,
1398 584 1487 628 quod
1498 584 1542 618 illi

112 624 207 672 :gigno
221 631 232 643 ι
259 623 289 643 fn
303 623 324 643 ιο
351 645 409 678 sibi
434 643 471 677 de
495 643 643 676 facultate
667 642 792 675 dicendi
813 643 927 675 merito
947 641 1121 685 placuerint
1140 651 1171 675 et
1190 642 1268 683 aliis,
1287 642 1470 687 quicunque
1484 642 1543 676 sibi
1572 651 1590 684 5

138 713 187 732 Non
198 712 322 743 guanero..
351 702 481 736 forsitan
502 701 577 734 illud
598 700 683 733 idem
699 699 884 733 faciundum
905 712 973 733 esse
990 709 1224 744 persuaserunt.
1272 711 1336 744 ego
1353 711 1429 734 vero
1446 700 1544 734 michi

112 739 323 804 {2„}{g‘f{‚{¹“2‘gg{¹gg
351 772 417 794 non
442 760 552 803 placeo
577 768 608 792 et
631 770 730 803 pauca
754 758 792 791 de
818 758 897 791 meis
921 758 1040 802 releg0‚
1061 770 1134 802 que,
1159 759 1186 791 si
1206 759 1324 792 emissa
1342 770 1410 792 non
1427 767 1543 800 essent,

113 792 215 816 mrem,
350 819 382 852 in
406 818 549 862 plurimis
583 816 787 850 correctionis
818 816 929 849 limam
963 825 1016 849 aut
1050 815 1265 850 damnationis
1289 817 1442 851 iudicium
1476 829 1544 851 non

350 877 503 910 sentirent
516 876 560 908 (¹).
607 884 779 919 potuerunt
802 884 834 908 et
858 875 917 908 alia
940 875 1025 908 viros
1042 874 1112 908 illos
1136 875 1279 919 insignes
1298 875 1478 909 imitatione
1496 875 1544 909 di-

350 935 524 979 gnissimos
549 945 767 973 commovere,
792 945 853 977 que
877 933 1006 977 nescio„
1021 944 1083 977 que
1107 933 1205 966 michi
1228 932 1362 967 forsitan
1378 945 1444 967 non
1466 945 1544 968 con-
1574 940 1615 965 10

351 993 494 1037 tingunt,
518 1004 590 1036 que,
613 992 686 1026 licet
710 991 826 1033 adsint,
849 1003 908 1025 nec
931 992 1037 1025 sentio
1061 1003 1123 1025 nec
1145 991 1321 1036 perpendo.
1375 992 1432 1027 sed
1454 993 1544 1038 quod

114 1058 325 1106 hlffmiglimssgrengf
350 1052 499 1095 precipue
523 1062 575 1084 me
599 1049 735 1084 deterret
759 1062 823 1083 non
849 1059 896 1083 est
920 1049 996 1093 fuga
1020 1049 1132 1093 glorie,
1157 1061 1255 1094 quam
1278 1050 1402 1084 utinam
1426 1051 1471 1085 sic
1493 1050 1542 1085 fu-

114 1101 317 1139 ficssea'ehiunquez
351 1121 471 1152 gerem,
495 1107 581 1152 quod
611 1108 697 1141 illam
721 1109 846 1152 penitus
870 1119 937 1141 non
963 1119 1126 1148 curarem;
1151 1108 1239 1152 quod
1264 1108 1317 1142 illa
1339 1108 1410 1153 plus
1433 1108 1542 1143 debito

350 1177 417 1198 non
448 1166 616 1206 mulcerer3
640 1165 727 1209 quod
756 1177 821 1198 non
846 1165 1020 1209 gauderem
1044 1165 1121 1199 illud
1145 1166 1244 1199 michi
1268 1178 1397 1210 prorsus
1422 1167 1543 1211 impru-

113 1228 323 1276 ffgsscffffiffgiivffi
350 1223 460 1257 denter
483 1223 617 1263 attribui,
641 1223 727 1267 quod
752 1235 769 1256 a
788 1224 871 1263 Deo,
897 1235 963 1257 non
988 1235 1006 1256 a
1026 1235 1078 1257 me
1104 1225 1258 1268 cognosci
1282 1224 1412 1258 debeat!
1459 1224 1544 1259 mul·
1573 1229 1612 1264 15

315 1269 321 1280 ’
350 1281 440 1315 cebre
464 1281 559 1314 nimis
583 1291 614 1315 et
637 1282 743 1322 nimis,
766 1291 801 1315 ut
824 1281 987 1324 satyricus
1010 1282 1125 1326 inquit,
1149 1282 1297 1326 pulcrum
1316 1291 1365 1316 est
1387 1291 1420 1316 et
1438 1282 1542 1328 digito

348 1340 517 1372 monstrari
529 1348 561 1372 et
572 1339 634 1373 dici
646 1348 677 1373 et
695 1339 746 1372 hic
765 1348 813 1373 est
824 1339 868 1372 (²).
915 1350 978 1384 qua
993 1339 1125 1384 quidem
1137 1351 1220 1374 voce
1237 1340 1431 1375 delectatum
1442 1340 1541 1376 fuisse

348 1397 614 1438 Demosthenem,
639 1398 735 1431 etiam
760 1409 833 1431 cum
857 1397 1117 1432 muliercularum
1139 1398 1172 1432 id
1195 1398 1463 1434 susurrationibus
1485 1411 1541 1434 au·
1567 1426 1573 1438 -,

347 1455 461 1496 diebat,
485 1455 582 1489 fertur
595 1456 629 1483 (³)
636 1468 645 1497 ;
671 1456 757 1490 unde
777 1465 808 1489 et
824 1455 1081 1490 Themistoclem
1104 1457 1254 1501 legimus,
1270 1468 1345 1491 cum
1364 1458 1540 1503 interroga-

346 1523 430 1547 retur
453 1514 617 1548 cuiusnam
642 1525 758 1548 vocem
781 1514 914 1548 libenter
937 1514 1102 1549 auditurus
1126 1524 1220 1556 esset,
1243 1515 1446 1561 respondisse
1471 1516 1540 1551 eius
1567 1527 1611 1552 20

346 1572 399 1615 qui
423 1583 475 1605 me
498 1571 724 1606 facundissime
749 1573 990 1607 commendaret
1005 1573 1051 1607 (⁴).
1098 1585 1158 1607 nec
1183 1573 1214 1607 id
1237 1574 1344 1608 solum
1371 1573 1540 1609 credamus

345 1629 499 1673 placuisse
511 1630 691 1664 Gentilibus
697 1643 705 1671 ;
719 1630 811 1675 plane
825 1631 1062 1675 propemodum
1075 1643 1190 1665 omnes
1206 1641 1292 1672 sunt,
1308 1644 1376 1666 non
1390 1632 1540 1668 facundia

345 1697 377 1721 et
392 1699 459 1721 non
478 1688 571 1722 rebus
590 1690 697 1733 gestiS‚
718 1689 774 1723 sed
790 1689 851 1723 hoc
869 1701 978 1723 amore
995 1689 1096 1734 glorie
1113 1690 1164 1724 vel
1179 1689 1293 1724 saltem
1308 1690 1538 1734 delectatione;

345 1746 372 1779 si
390 1746 459 1790 quis
483 1755 531 1780 est
553 1747 607 1791 qui
631 1747 731 1791 possit
754 1759 899 1781 amorem
919 1759 1014 1782 suurn
1038 1760 1057 1781 a
1074 1760 1120 1789 re,
1138 1760 1201 1793 que
1220 1749 1344 1794 placeat
1361 1751 1468 1794 quave'
1483 1749 1540 1784 de-

344 1803 485 1844 lectetur,
502 1804 588 1848 quod
607 1813 715 1838 tamen
732 1805 929 1849 impossibile
949 1815 1074 1850 reputo,
1091 1807 1270 1847 continere3
1286 1807 1539 1851 propemodum,
1566 1817 1607 1851 25

344 1861 486 1905 iuquam,
510 1873 623 1895 omnes
654 1872 729 1896 sunt
758 1863 998 1897 Demosthenes
1023 1873 1055 1897 et
1087 1864 1339 1905 Themistocles,
1372 1865 1433 1899 nisi
1456 1876 1538 1910 quos

344 1921 444 1962 gratia
462 1920 528 1953 veri
552 1920 622 1961 Dei,
647 1922 701 1964 qui
725 1933 792 1954 non
816 1921 923 1955 solum
947 1922 1088 1963 humilis,
1112 1922 1168 1956 sed
1186 1934 1271 1964 vera,
1291 1934 1420 1957 summa
1443 1932 1539 1968 atque

345 1988 496 2021 germana
520 1978 680 2012 humilitas
704 1988 766 2020 est,
786 1979 824 2013 ab
848 1979 912 2013 hoc
930 1981 1031 2021 visco,
1059 1982 1255 2026 quo'genus
1285 1981 1468 2015 humanum
1485 1991 1539 2015 ca-

397 2111 416 2133 5.
431 2110 460 2132 L¹
476 2110 514 2133 alii
582 2118 604 2139 7.
619 2111 648 2134 L¹
663 2112 746 2135 omisso
761 2116 865 2136 corretlo
880 2114 904 2136 in
918 2114 1000 2137 emissa

378 2241 417 2275 (1)
445 2240 487 2268 Cf.
514 2250 555 2277 ep.
581 2250 633 2269 vm
657 2242 684 2269 di
708 2248 804 2278 questo
837 2243 914 2278 libro,
995 2246 1039 2282 (2)
1058 2246 1139 2273 Pizus.
1156 2246 1208 2274 Sat.
1222 2246 1243 2280 1,
1256 2247 1303 2274 28:

343 2291 368 2317 p.
381 2289 422 2316 72.
459 2282 481 2309 Il
495 2283 523 2310 S.
535 2291 620 2310 aveva
633 2284 845 2319 probabilmente
859 2285 915 2312 fitta
960 2294 987 2314 At
995 2293 1103 2321 pulchrum
1112 2299 1143 2315 m
1153 2295 1220 2322 digito
1229 2295 1340 2316 menstrui
1349 2294 1538 2318 adiciet-hicat.

343 2324 414 2350 nella
431 2325 564 2352 memoria
583 2325 608 2352 la
628 2327 799 2353 confessione
815 2327 915 2354 d’va-
996 2334 1037 2368 (3)
1057 2334 1119 2361 010,
1143 2334 1213 2362 Tusa,
1233 2334 1267 2367 V,
1281 2342 1385 2367 xxxvl3
1401 2333 1436 2362 cf,
1447 2333 1537 2362 anche

344 2374 402 2398 mo,
421 2367 461 2393 Ex
479 2367 557 2395 Ponto
576 2373 611 2404 ep.
633 2369 652 2403 Ι,
673 2376 700 2402 v,
725 2369 824 2403 15-16:
960 2377 1040 2404 Ρῃῃ,
1061 2377 1124 2404 3130,
1143 2378 1192 2413 Ep,
1212 2377 1260 2411 lx,
1277 2385 1357 2405 xxm,

345 2431 397 2452 Cum
406 2432 482 2461 relego,
493 2435 598 2462 scripsisse
607 2436 680 2462 puden
691 2437 738 2463 quin
747 2436 836 2464 plurima
846 2443 914 2462 cerno,
995 2418 1035 2454 (4)
1057 2419 1119 2447 CIC'
1138 2420 1189 2447 Pro
1207 2420 1316 2453 ‘inhia’
1335 2420 1383 2453 IX’
1402 2428 1450 2453 ²⁰3
1463 2420 1536 2448 VAL'

371 2464 403 2486 Me
417 2473 505 2494 quoque,
519 2467 553 2494 qul
566 2468 614 2493 feei,
629 2469 704 2494 iudice,
718 2469 781 2497 digua
795 2470 839 2492 lini.
959 2461 1037 2489 MAX-
1057 2470 1101 2498 ΟΡ·
1120 2462 1163 2489 Cit·
1183 2462 1256 2496 vm,
1274 2469 1324 2496 XV,
1341 2468 1395 2490 031·
1415 2470 1437 2489 1·
