1682 2762
99 431 110 444 e
120 424 139 444 le
149 423 220 451 parole
230 423 249 442 di
261 429 278 443 s.
287 422 314 442 Α-

114 452 183 471 onina
192 450 225 470 nel
234 450 264 470 De
271 456 313 468 ver-

113 479 127 498 ἱς
143 477 232 501 Domini,
251 477 314 496 dovra

99 511 153 532 poco
168 504 245 524 lod-rui
263 503 314 523 della

100 532 182 559 propria
205 531 313 551 condem.

129 653 150 673 si
171 659 231 673 scusn
252 651 314 671 infine

101 680 173 700 d'nver
191 679 316 705 consignato

102 709 108 727 i
117 707 199 727 monaci
209 706 264 733 degli
275 706 315 725 An-

103 734 144 781 ςὲἰὶ
153 733 256 766 a‘rifiutnr
266 739 277 752 n
287 732 316 764 lui

102 768 113 781 e
156 768 174 780 ni
207 766 253 780 torn
269 767 280 780 ι
296 766 317 779 ni

104 788 152 808 suoi
180 766 318 807 taluniplffui

104 815 142 835 che
157 814 317 835 domandam-no

104 842 125 862 in
140 841 236 868 prestito.

344 224 408 267 584
767 230 1113 258 EPISTOLARIO

342 369 454 402 arguo,
475 358 571 391 nimis
595 357 712 401 poterit
736 356 921 390 admonere.
969 357 1059 401 sique
1079 356 1166 400 leges
1191 356 1272 390 circa
1291 355 1392 389 finem
1412 354 1546 389 undevi-

342 416 457 461 gesimi
482 415 610 459 capituli
635 416 694 448 De
719 414 866 448 verbis
891 416 1083 455 Domini,
1109 414 1148 448 de
1172 413 1299 448 duobus
1318 414 1401 448 cecis
1420 422 1547 447 senten-

342 476 419 508 tiam
444 473 619 517 Augustini
634 473 678 514 (¹),
699 473 792 506 crede
817 473 926 514 michi,
950 473 1007 507 tibi
1031 485 1091 507 nec
1115 473 1155 506 de
1179 482 1211 506 te
1235 484 1296 506 nec
1319 472 1358 506 de
1382 473 1445 506 tuis
1468 471 1548 512 aliis,

344 532 530 566 auctoritate
543 532 621 565 tanti
638 532 697 565 viri
714 532 910 576 veritateque
926 543 960 565 se
975 531 1069 565 vobis
1084 531 1277 572 insinuante,
1294 529 1442 575 placebis,
1490 529 1550 563 hec

345 593 509 625 hactenus.

412 649 514 690 Quod
544 658 651 683 autem
677 660 806 682 accusas
831 658 942 682 contra
972 649 1134 682 caritatem
1165 648 1226 682 Dei
1255 657 1287 681 et
1317 647 1457 691 proximi
1485 655 1550 680 tam

345 710 430 753 ipsos
448 708 550 742 facere
575 719 673 752 quam
691 719 744 741 me
768 708 978 747 consuluisse,
1002 707 1091 752 quod
1112 707 1209 741 libros
1230 717 1298 740 non
1326 705 1552 746 accomodent,

346 767 461 812 quibus
482 766 656 806 abundent,
670 775 705 800 ut
725 765 763 800 de
783 778 837 799 me
856 767 943 810 prius
963 765 1086 810 loquar,
1106 765 1139 799 id
1162 765 1267 799 fateor
1286 777 1339 799 me
1363 764 1482 798 dixisse
1505 763 1554 798 ni-

347 827 472 870 misque
497 825 663 859 carnaliter
688 825 836 859 tribuisse
859 836 1063 869 responsum.
1112 836 1187 858 cum
1211 825 1299 858 enim
1324 824 1364 858 de
1389 823 1554 857 caritatem

347 883 599 928 relinquentibus
628 895 735 917 sermo
761 882 853 924 foret,
878 883 961 928 fugit
985 893 1048 924 me,
1073 882 1161 927 quod
1187 882 1367 916 secundum
1392 881 1555 916 caritatem

349 943 443 977 debui
457 941 662 987 respondere,
675 953 774 987 quam
786 941 918 986 quidem
931 942 1091 976 reminisci
1108 951 1275 986 potueram
1292 952 1360 974 non
1380 940 1419 974 ad
1431 940 1555 974 amicos

349 1000 530 1035 habendam
561 1001 680 1040 solum,
715 1000 771 1034 sed
804 1000 843 1034 ad
873 1001 960 1044 ipsos
993 999 1232 1034 extendendam
1263 1001 1361 1033 etiam
1394 999 1555 1033 inimicos.

350 1071 462 1094 verum
481 1060 588 1093 omnis
608 1058 756 1092 ordinata
775 1060 888 1092 caritas
909 1058 1026 1102 gradus
1048 1057 1154 1098 habet,
1175 1068 1211 1092 ut
1229 1059 1351 1102 primus
1375 1057 1493 1102 gradus
1516 1057 1557 1090 sit

351 1118 490 1163 cogitare
520 1117 558 1151 de
586 1129 630 1158 se,
656 1117 816 1151 secundus
846 1117 886 1150 de
919 1116 993 1151 filiis
1023 1126 1119 1162 atque
1146 1116 1344 1162 parentibus,
1377 1116 1488 1150 tertius
1516 1114 1558 1149 de

352 1177 551 1217 coniunctis3
585 1185 658 1220 post
682 1186 790 1209 autern
815 1175 995 1209 secundum
1018 1175 1263 1209 necessitudinis
1286 1174 1557 1219 propinquitatem

352 1235 391 1268 ad
411 1244 580 1268 extraneos
596 1235 772 1279 pervenire.
814 1234 898 1267 inter
909 1245 992 1278 quos
1008 1234 1106 1267 etiam
1123 1242 1171 1267 est
1187 1232 1335 1267 habenda
1351 1232 1511 1273 discretio,
1523 1241 1560 1266 ut

353 1303 474 1339 quanto
490 1294 560 1339 quis
580 1292 675 1327 fuerit
691 1293 834 1327 humana
851 1292 1085 1326 communione
1105 1292 1321 1332 coniunctior,
1341 1301 1431 1325 tanto
1446 1290 1560 1325 debeat

355 1354 464 1387 ceteris
485 1351 642 1386 anteferri.
692 1351 866 1385 debueram
889 1363 969 1396 ergo
993 1351 1148 1385 discutere
1172 1362 1317 1395 quonam
1336 1349 1439 1395 gradu
1462 1348 1559 1383 debe-

1586 885 1626 909 10

1589 1176 1625 1208 15

354 1411 429 1444 retis
457 1411 502 1443 eis
530 1410 690 1444 societatis
718 1419 749 1443 et
776 1409 1022 1443 necessitudinis
1050 1410 1233 1450 numerari;
1263 1418 1296 1443 et
1318 1418 1396 1443 tunc
1424 1408 1559 1443 demum
1598 1407 1604 1412 '

355 1467 469 1508 quibus
481 1468 620 1512 posponi
636 1467 816 1512 quibusque
831 1466 959 1511 preferri
975 1467 1163 1501 mereamini
1187 1466 1392 1511 respondere.
1434 1477 1561 1508 verum,

356 1537 430 1559 cum
448 1525 515 1559 libri
536 1537 604 1559 non
623 1525 688 1558 sint
707 1525 747 1559 de
771 1525 959 1558 necessitate
978 1524 1098 1565 salutis,
1123 1524 1162 1558 ad
1185 1536 1283 1570 quam
1308 1536 1421 1559 sumus
1445 1523 1560 1558 affectu

356 1584 478 1618 cunctis
495 1583 639 1623 obnoxii,
657 1583 714 1617 sed
730 1584 943 1618 instrumenta
959 1583 1099 1628 quedam
1116 1583 1289 1618 exhibendi
1314 1583 1417 1618 cultus
1437 1583 1488 1617 vel
1505 1594 1562 1618 cu-

355 1643 506 1676 riositatis
527 1652 621 1687 atque
646 1641 803 1682 doctrine,
820 1653 887 1675 non
907 1641 966 1675 fuit
985 1641 1162 1686 periculum
1183 1642 1209 1675 si
1229 1641 1322 1675 vobis
1341 1641 1413 1675 illos
1433 1652 1563 1686 persua·

357 1701 453 1735 serim
466 1700 686 1745 denegand05‚
702 1700 818 1745 quibus
834 1699 874 1734 ad
888 1700 1024 1734 salutern
1037 1700 1186 1734 ultimam
1201 1700 1384 1734 nullatenus
1400 1699 1560 1744 indigetis.

357 1759 402 1793 illi
418 1771 507 1800 vero,
524 1760 550 1792 si
570 1759 838 1793 constitutionem
855 1758 1030 1792 observant
1049 1759 1185 1802 claustri,
1206 1771 1267 1793 nec
1287 1759 1379 1793 vobis
1402 1767 1478 1793 sunt
1502 1769 1561 1792 nec

360 1819 427 1852 aliis
451 1817 716 1863 reprehendendi.
763 1818 845 1859 vale,
865 1819 947 1852 sicut
970 1818 1071 1862 optari
1096 1817 1201 1858 debet,
1225 1819 1259 1852 in
1284 1818 1441 1852 Domino.
1487 1817 1562 1851 Flo-

360 1877 473 1917 rentie,
497 1886 588 1910 sexto
607 1876 678 1911 idus
703 1877 845 1910 ianuarii.

428 2023 453 2043 4.
469 2015 546 2038 LM-C
558 2015 625 2037 nobis
679 2022 701 2045 9.
718 2016 737 2038 R
751 2015 844 2038 caritate
902 2022 938 2039 ιο.
953 2016 970 2038 L
983 2018 1068 2038 omeue
1083 2022 1119 2038 me
1174 2021 1208 2037 ιι.
1217 2015 1236 2037 Α
1245 2015 1364 2038 extendam
1401 2013 1433 2038 G¹
1442 2015 1563 2044 perefinm

361 2055 393 2079 da·
408 2063 455 2079 esse
525 2063 560 2086 ¹3·
579 2056 633 2079 m-(J
650 2056 776 2079 inordinata
846 2063 881 2085 ¹5·
892 2056 910 2078 Α
925 2057 1021 2084 iunctm
1043 2057 1066 2078 la
1081 2057 1147 2085 sigla
1168 2057 1207 2078 del
1225 2062 1270 2079 con
1286 2056 1322 2086 su
1337 2057 1462 2085 aggiemta
1482 2061 1564 2085 vapra.

364 2096 400 2119 Μ2
414 2097 605 2126 propinquantem
663 2097 699 2119 18.
714 2096 767 2119 M-C
780 2103 823 2125 ego
877 2102 912 2119 ²2.
923 2095 960 2118 M²
970 2097 1001 2119 da*
1010 2097 1108 2125 quedam
1117 2097 1240 2125 aggiuneo
1249 2097 1274 2118 iu
1285 2097 1423 2120 interlinea.
1476 2102 1514 2126 ²!-
1526 2094 1562 2118 11²

364 2137 396 2160 6¹
412 2141 530 2160 omettono
545 2137 598 2160 illos
651 2143 731 2167 ²3·²4·
747 2137 789 2160 RL
804 2137 927 2166 pemuarim
981 2144 1019 2166 25.
1033 2136 1095 2159 ΑΜ2
1110 2137 1286 2160 constitutiones

402 2253 444 2288 (ι)
465 2253 493 2280 S.
509 2254 584 2280 Auo.
604 2253 690 2280 Sermo
711 2252 883 2286 LXXXVIII,
903 2253 944 2280 De
990 2253 1069 2279 caecis
1082 2254 1131 2280 διε.
1147 2261 1206 2287 cap.
1221 2259 1269 2285 xx,
1287 2260 1332 2279 vv.
1353 2258 1450 2287 30-34,
1467 2259 1526 2286 cap.
1546 2257 1567 2278 x

366 2296 448 2322 verbis
467 2295 566 2331 Evang.
591 2295 722 2328 Matthaei,
742 2296 786 2322 ubi
805 2297 833 2322 de
851 2295 945 2322 duobus
990 2296 1017 2322 in
1039 2295 1133 2331 Opera,
1153 2301 1191 2322 to.
1205 2294 1240 2328 V,
1259 2303 1315 2330 par.
1335 2294 1355 2328 1,
1370 2293 1425 2321 col.
1442 2301 1505 2328 552.

1588 1476 1632 1500 20

1590 1767 1631 1800 25
