1696 2782
380 288 440 312 112
796 282 1143 312 EPISTOLARIO

163 417 228 437 com
248 418 289 444 Ρυὸ
308 417 348 444 εεῐῑ
377 422 429 444 me
452 422 616 454 nunquam
641 409 768 449 videris,
788 408 956 452 quomodo
976 409 1055 442 scire
1079 417 1170 452 potes
1187 408 1275 452 quod
1294 408 1365 449 sim,
1390 417 1425 442 ut
1449 409 1572 451 asseris,

137 444 230 464 uffan-rmi-
244 445 277 463 εὶὸ
286 444 295 463 ?

162 940 216 960 Niun
221 946 284 960 uomo
293 940 304 959 ὲ
313 939 346 959 de-

136 974 178 993 Ιιξιιο
192 967 212 987 d'
220 966 347 987 amminzio-

136 1230 182 1251 solo
196 1230 237 1251 Dio
247 1231 288 1257 pud
299 1230 346 1250 dirsi

136 1258 185 1282 taie3
190 1258 273 1285 gincche
279 1264 300 1277 se
304 1262 346 1277 stu-

136 1285 199 1311 penda
220 1285 231 1304 ὲ
251 1284 266 1304 l’
273 1291 347 1304 umnnn

137 1312 263 1338 compagine,

134 2096 149 2117 il
170 2097 243 2117 merito
267 2103 292 2116 ne
316 2103 341 2117 vn

135 2128 189 2143 tutto
210 2123 315 2144 attribuito
333 2130 345 2143 n

135 2150 168 2170 chi
182 2150 229 2171 1¹11·
242 2155 317 2170 ere-tn.

161 2266 192 2298 Ne
200 2265 306 2298 quelliche
316 2266 345 2298 di3

135 2299 191 2313 cons}
201 2298 266 2313 menn
280 2298 345 2313 nOStl'l

377 468 600 503 admirandus?
640 467 695 500 sed
710 467 850 510 inquies:
866 466 1000 500 Iacobus
1013 476 1098 506 tuuS,
1112 465 1194 500 filius
1206 475 1289 507 tuus,
1301 466 1473 511 discipulus
1485 476 1571 509 tuus,

375 526 536 560 familiaris
549 534 579 558 et
591 525 712 558 amicus
731 533 816 565 tuus,
829 532 917 557 tanta
932 523 971 557 de
990 533 1021 557 te
1036 522 1140 564 refert,
1156 523 1243 567 quod
1256 524 1371 557 merito
1387 533 1419 558 te
1434 523 1570 558 dixerim

375 583 608 617 admirandum.
656 583 720 615 iam
740 582 884 626 superius
901 580 1001 615 fidem
1020 582 1206 614 testimonio
1226 593 1285 615 suo
1305 581 1402 615 docui
1419 582 1501 615 veris
1521 593 1570 615 ra-

375 642 513 676 tionibus
537 639 766 684 abrogandam,
790 640 944 684 quoniam
961 640 1082 673 amicus
1101 640 1151 680 sit,
1171 640 1261 674 cuius
1275 649 1399 674 rectum
1412 640 1452 674 de
1465 641 1570 674 amico

375 712 441 734 non
473 708 579 744 potest
608 709 677 732 esse
707 697 861 732 iudicium
895 709 956 731 nec
985 698 1209 732 testimonium
1231 697 1297 732 fide
1319 697 1467 743 dignum.
1514 697 1571 732 sed

375 767 444 792 esto
462 757 549 802 quod
568 756 607 790 de
626 765 680 790 tue
700 756 980 800 circunspectionis
999 755 1166 800 prudentia
1186 755 1368 800 mentisque
1392 756 1570 790 sincerimoe

375 816 508 848 metlens
523 814 624 854 illum,
640 813 695 847 tibi
710 814 900 858 persuaseris
916 814 1020 857 ipsum
1035 824 1140 857 posse,
1152 813 1246 847 sicuti
1261 822 1296 847 tu
1315 813 1449 855 valeres,
1460 825 1569 847 veram

375 872 413 906 de
432 884 484 905 me
504 871 583 905 ferre
598 873 789 905 sententiam
802 882 860 904 nec
873 870 1023 904 laudandi
1043 870 1150 904 studio
1169 871 1309 904 veritatis
1324 871 1442 905 limites
1461 883 1570 906 exces-

374 932 461 964 sisse.
509 930 568 968 dic,
584 941 706 974 precor,
726 929 984 963 christianissime
1004 930 1049 962 mi
1069 930 1210 971 Dimuri,
1229 929 1320 974 quid;
1335 942 1403 964 non
1415 929 1521 964 dicam
1535 930 1570 964 in

374 1001 436 1030 me,
450 989 612 1033 quiquam
626 987 805 1021 laudandus
821 987 894 1028 sim,
912 987 980 1021 imo
999 992 1067 1021 non
1086 987 1148 1021 sim
1167 988 1291 1029 sentio;
1314 987 1402 1032 quid,
1425 988 1570 1032 inquam,

374 1047 406 1080 in
426 1046 571 1087 homine,
590 1045 678 1090 quod
700 1057 795 1079 suum
814 1046 866 1085 sit,
885 1053 991 1089 potest
1009 1044 1223 1079 admiratione
1241 1044 1379 1090 dignum
1397 1044 1449 1078 vel
1468 1044 1570 1090 gloria

373 1104 522 1149 reperiri?
568 1103 645 1148 quid
658 1104 746 1137 enim
758 1103 854 1137 habet
872 1102 973 1136 homo
986 1102 1074 1147 quod
1090 1114 1157 1136 non
1170 1102 1349 1148 acceperit?
1394 1102 1444 1137 sin
1460 1112 1569 1136 autem

374 1162 503 1206 accepit,
518 1173 572 1195 cur
583 1161 642 1195 sibi
658 1161 750 1194 detur
765 1160 804 1194 ad
816 1160 953 1205 gloriam
967 1160 1055 1206 quod
1068 1161 1209 1205 accepit?
1219 1161 1254 1188 (¹)
1299 1160 1455 1206 nunquid,
1471 1170 1506 1196 ut
1519 1172 1569 1196 sa-

375 1232 495 1254 crarum
511 1220 686 1254 litterarum
698 1219 883 1253 auctoritate
896 1220 988 1260 nitar,
1001 1218 1202 1253 admirabiles
1212 1228 1287 1253 sunt
1300 1219 1424 1253 sancti?
1469 1218 1570 1254 admi·

373 1278 477 1312 rabilis
502 1278 664 1312 Dominus
693 1278 727 1311 in
757 1278 874 1311 sanctis
908 1278 973 1311 suis
985 1277 1039 1319 (²);
1069 1289 1145 1311 nam
1175 1287 1361 1312 nostrorum
1396 1289 1569 1322 corporum

374 1337 488 1370 fabrica
522 1335 599 1380 quid
621 1336 655 1369 in
681 1335 774 1369 rebus
807 1336 967 1379 corporeis
995 1335 1210 1370 admirabilius
1237 1348 1306 1370 esse
1325 1335 1456 1380 potest?
1501 1344 1569 1370 tota

374 1394 503 1439 quidem
520 1393 739 1428 membrorum
754 1393 931 1437 dispositio,
946 1392 1100 1427 fortitudo
1115 1393 1247 1438 pedum,
1264 1392 1478 1438 suffraginum
1493 1394 1569 1439 apti·

374 1452 464 1493 tudo,
479 1464 670 1496 crurumque
690 1451 902 1496 tibiarumque
918 1451 1164 1493 substentacula,
1177 1463 1323 1497 genuum
1339 1451 1569 1486 connodabiles

373 1510 538 1551 flexiones,
564 1519 762 1543 armamenta
790 1521 946 1544 manuum
969 1519 1002 1544 et
1025 1510 1175 1543 omnium
1201 1522 1357 1544 sensuum
1379 1509 1482 1552 sedes,
1506 1522 1569 1556 que

374 1577 467 1612 caput
486 1567 607 1608 dicitur,
621 1568 737 1608 lacerti,
750 1567 899 1609 musculi,
911 1569 1013 1608 nervi,
1027 1568 1150 1610 attede,
1162 1580 1255 1610 vene,
1273 1569 1353 1613 pori,
1373 1579 1458 1610 caro,
1478 1569 1569 1603 carti-

373 1626 505 1670 lagines,
523 1637 604 1666 ossa,
625 1625 776 1667 medune,
794 1626 942 1659 intestina
959 1626 1081 1667 omnia,
1095 1626 1239 1670 sanguiS,
1255 1626 1350 1668 calor,
1369 1627 1497 1671 spiritus
1513 1638 1569 1672 per

373 1684 557 1718 universum
572 1683 674 1717 diffusi
691 1695 817 1728 corpus,
835 1692 884 1717 tot
903 1693 934 1717 et
952 1693 1019 1717 tam
1036 1683 1142 1717 faciles
1162 1693 1270 1718 motus
1289 1693 1320 1718 et
1332 1684 1485 1718 universo
1498 1695 1568 1719 cor-

372 1742 441 1786 pori
460 1751 636 1786 supertecta
660 1743 741 1775 cutis
761 1743 962 1786 contegentis
987 1742 1097 1776 omnia
1115 1742 1296 1787 pulcritudo
1321 1742 1477 1788 mirabilia
1493 1754 1567 1788 pro-

372 1800 456 1834 fecto
480 1810 564 1834 sunt.
610 1800 666 1834 sed
690 1812 782 1844 supra
806 1810 872 1834 tam
896 1800 1032 1835 ordinati
1053 1801 1195 1846 corporis
1219 1800 1383 1846 opificium
1402 1810 1436 1835 et
1457 1795 1566 1836 omnia

373 1856 568 1897 admiranda,
588 1856 761 1890 mirabilior
779 1867 826 1891 est
845 1858 951 1891 anime
967 1858 1129 1891 rationalis
1149 1867 1181 1892 et
1196 1867 1305 1892 eterne
1324 1870 1399 1892 cum
1418 1858 1479 1892 hac
1498 1870 1566 1893 cor-

372 1915 509 1959 ruptibili
526 1926 630 1948 massa
654 1916 850 1956 coniunctio,
871 1927 934 1960 qua
957 1925 1023 1949 tam
1047 1916 1149 1949 multa
1173 1917 1403 1960 cognoscimus
1426 1927 1488 1960 que
1506 1916 1566 1950 sub

372 1983 479 2008 nostre
503 1974 698 2018 cognitionis
723 1974 888 2008 altitudine
912 1975 971 2008 sita
994 1984 1087 2016 sunt;
1108 1987 1171 2019 qua
1193 1975 1325 2020 quidem
1344 1974 1565 2020 intelligimus,

372 2032 598 2065 ratiocinamur
616 2041 710 2076 atque
726 2031 932 2066 discurrimus
948 2041 981 2066 et
1005 2041 1118 2067 cuncta
1137 2045 1200 2078 que
1214 2033 1349 2067 facimus
1368 2044 1566 2068 exercemus.

372 2101 434 2133 que
450 2101 523 2123 cum
546 2090 657 2123 omnia
676 2089 831 2123 mirabilia
853 2090 926 2131 sint,
947 2101 1007 2123 nos
1024 2102 1090 2124 non
1110 2090 1257 2132 fecimus,
1277 2091 1333 2125 sed
1351 2090 1507 2125 habemus
1525 2090 1565 2125 ab

372 2146 426 2179 illo
439 2158 544 2181 rerum
560 2148 706 2181 omnium
719 2148 860 2192 principe
872 2148 926 2192 qui
939 2160 1000 2181 nos
1016 2149 1135 2182 creavit
1147 2157 1180 2182 et
1191 2148 1274 2182 fecit.
1321 2151 1355 2182 in
1367 2149 1481 2193 quibus
1493 2159 1566 2182 om-

372 2205 464 2238 nibus
487 2217 551 2238 non
577 2217 647 2247 nos,
671 2205 727 2239 sed
751 2215 915 2240 auctorem
937 2205 1040 2246 illum,
1060 2207 1150 2240 cuius
1173 2206 1295 2251 plasma
1317 2200 1441 2248 sumus,
1462 2206 1566 2249 decet,

372 2262 451 2296 sicut
470 2273 517 2296 est
534 2262 737 2304 admirabilis,
753 2263 911 2297 admirari.
957 2276 1034 2297 nam
1047 2263 1086 2297 de
1103 2265 1234 2306 meritis,
1250 2277 1313 2310 que
1326 2265 1563 2309 corruptissime

372 2329 479 2354 nostra
494 2320 650 2361 dicuntur,
670 2321 747 2366 quid
766 2323 877 2355 attinet
891 2321 1017 2356 dicere?
1062 2334 1148 2364 cum,
1160 2324 1242 2357 sicut
1255 2324 1358 2367 inquit
1371 2323 1561 2368 Apostolus,

428 2406 445 2422 ι.
460 2398 489 2421 L¹
503 2406 547 2428 per
560 2401 674 2428 quomodo
688 2400 719 2422 άὰ
734 2402 757 2423 la
770 2401 837 2430 nigla
850 2402 878 2424 di
884 2402 923 2430 qui
941 2402 973 2429 (t)

409 2472 449 2506 (1)
469 2471 510 2499 Cf.
522 2480 542 2499 S.
553 2473 639 2501 ΡΑυι.
650 2473 696 2509 Ep.
710 2474 726 2500 I
737 2474 770 2501 ad
790 2474 848 2502 Cor.
859 2474 906 2507 IV,
917 2483 941 2510 7.
1022 2476 1063 2510 (2)
1085 2476 1175 2503 Psalm.
1196 2475 1312 2509 CXVII,
1333 2473 1372 2511 36.
