1682 2762
0 1196 7 1259 ³2·-
0 1165 4 1178 ⁷
0 1089 11 1156 -ενη
0 917 12 1078 *rvr-enm„
0 849 10 907 -v-er
11 796 13 798 ,

80 882 120 906 10

81 1172 118 1206 15

78 1466 121 1492 20

428 215 477 242 DI
509 214 772 242 COLUCCIO
801 213 1066 242 SALUTATI.
1274 189 1347 247 ¹599

151 352 328 387 litterarum
359 351 562 398 naufragium
585 362 618 386 et
640 352 730 394 illud,
759 353 846 397 quod
870 364 936 386 non
964 353 1064 386 musis
1087 363 1123 386 ac
1146 352 1348 397 philosophie

148 411 266 452 solum,
290 410 346 445 sed
371 412 462 445 omni
485 410 630 445 doctrine
653 411 749 445 video
772 411 943 445 imminere
965 411 1136 452 iusticium,
1161 411 1224 452 vel,
1242 420 1277 445 ut
1300 422 1348 444 re-

149 469 232 503 ctius
251 469 371 513 loquar,
384 469 516 502 exilium
531 469 576 502 (¹).
622 469 715 513 plane
728 469 858 513 quidem
874 470 931 502 erit
947 468 1060 513 aliquis
1076 468 1186 502 studiis
1202 468 1348 502 humani-

149 527 226 561 tatis
249 527 350 568 locus,
369 527 479 572 aliquis
501 537 612 572 portus
631 537 663 561 et
687 527 815 572 aliquod
838 527 968 561 tandem
993 527 1119 568 asilum,
1143 526 1198 561 ubi
1222 527 1349 560 valeant

149 585 310 630 respirare,
335 597 395 619 nec
418 597 545 630 semper
566 597 606 619 ex
629 585 750 619 infimis
780 585 966 619 mortalium
996 585 1121 619 latebris
1150 586 1212 619 hoc
1235 585 1346 619 lumen

148 653 304 688 erumpet,
327 642 383 678 sed
407 655 447 677 ex
471 644 622 677 altissima
646 655 752 678 rerum
776 643 915 688 specula,
939 643 1036 678 veluti
1060 644 1184 677 celestis
1207 643 1347 688 quedam

147 702 352 742 corruscatio,
365 701 470 736 radios
485 703 601 736 mittet.
647 713 714 736 non
731 713 810 746 ergo
822 702 901 735 velis
915 702 1071 746 incepisse
1083 701 1201 742 solum,
1214 701 1346 735 domine

146 761 205 802 mi,
227 760 284 795 sed
311 761 461 806 prosequi
490 759 579 805 quod
610 761 731 805 cepisti,
756 760 812 794 sed
844 772 959 804 urgere
988 760 1132 804 quotidie
1160 761 1280 804 nitique
1312 769 1347 794 ut

147 818 273 853 doctior
294 819 327 852 in
351 818 419 852 dies
443 818 570 852 evadas».
617 818 796 852 maximum
821 818 920 852 michi
943 829 1070 862 semper
1094 817 1268 852 nobilitatis
1291 818 1347 852 de-

147 875 246 912 decus
268 877 375 910 visum
399 886 458 917 est,
480 876 569 921 quod
592 877 685 917 inter,
708 877 777 910 imo
804 887 899 921 super
924 877 1011 920 ipsos
1041 876 1166 910 nobiles
1197 876 1347 921 quicquid

147 934 319 970 litteratum
339 935 485 979 emergit,
503 946 570 968 non
594 946 633 968 ex
657 935 733 979 ipsis
752 945 923 979 exsurgere
939 934 1050 968 soleat.
1098 945 1157 968 nec
1173 933 1347 968 nobilitatis

147 993 254 1028 solum
278 993 342 1027 hoc
365 993 503 1027 dedecus
525 1002 585 1034 est,
607 992 663 1027 sed
687 994 827 1038 ipsarum
849 994 947 1027 etiam
970 992 1145 1026 litterarum
1170 1001 1264 1037 atque
1283 993 1346 1026 vir-

149 1051 237 1093 tutis,
260 1063 336 1096 que,
355 1051 429 1085 licet
458 1062 518 1084 suo
545 1050 715 1096 splendore
740 1052 907 1091 reniteant,
923 1050 1151 1095 pulcerrimum
1171 1060 1279 1084 tamen
1300 1059 1349 1084 est

149 1110 178 1144 si
200 1109 240 1144 de
258 1109 431 1144 nobilitatis
453 1108 675 1154 splendoribus
691 1109 872 1143 elucescant
883 1109 928 1142 (³).
975 1120 1041 1153 quo
1062 1117 1094 1142 te
1120 1108 1284 1150 exhortor,
1302 1109 1347 1142 mi

153 1167 329 1208 Ludovice,
359 1177 395 1202 ut
425 1167 482 1202 tibi
512 1167 702 1212 persuadeas
736 1167 834 1201 nichil
867 1167 1046 1207 honestius,
1079 1166 1176 1200 nichil
1209 1166 1349 1211 pulcrius

149 1226 310 1272 nichilque
329 1226 423 1260 laude
446 1226 575 1271 dignius
597 1237 678 1267 esse,
695 1237 795 1271 quam
818 1237 930 1260 vacare
954 1226 1074 1267 litteris,
1099 1237 1198 1271 quam
1222 1225 1348 1260 habitus

148 1285 228 1320 isoes
261 1285 423 1330 acquirere
452 1296 615 1330 quamque
650 1296 705 1330 per
730 1284 790 1318 hos
817 1284 962 1318 doctrine
998 1284 1116 1330 gradus
1147 1295 1243 1329 super
1268 1284 1348 1318 alios

148 1342 302 1378 scandere
316 1353 412 1388 teque
427 1355 520 1388 supra
539 1352 571 1377 te
587 1353 653 1377 tam
674 1342 818 1377 honestis
833 1342 993 1376 laboribus
1012 1342 1149 1376 elevare.
1194 1342 1349 1386 sapientia

147 1400 279 1446 quidem
297 1410 330 1435 et
344 1400 527 1445 eloquentia
542 1400 668 1445 proprie
682 1399 773 1434 dotes
793 1399 934 1434 hominis
958 1410 1043 1441 sunt,
1056 1399 1171 1444 quibus
1195 1411 1212 1433 a
1236 1400 1349 1433 ceteris

148 1459 363 1494 animantibus
400 1468 571 1503 separatur.
632 1468 663 1492 et
699 1469 798 1503 quam
839 1458 1007 1499 excellens,
1041 1469 1138 1502 quam
1169 1457 1348 1503 gloriosum

147 1529 309 1564 quamque
334 1517 488 1552 decorum
515 1526 563 1551 est
598 1517 659 1550 illis
682 1526 794 1550 nature
818 1516 910 1550 donis
940 1516 1125 1551 hominibus
1150 1516 1347 1557 antecellere,

147 1575 265 1622 quibus
299 1586 426 1610 constat
461 1576 629 1610 hominem
662 1575 878 1610 animantibus
910 1575 976 1609 aliis
1014 1575 1175 1609 eminere!
1236 1574 1348 1609 fecisse

149 1626 258 1668 michi'
278 1633 427 1668 videntur
444 1635 605 1679 sapientes
627 1643 659 1668 et
685 1633 874 1678 eloquentes
895 1633 955 1667 sibi
975 1644 1071 1678 super
1093 1633 1172 1667 alios
1198 1633 1348 1667 homines

205 1745 224 1762 1.
238 1739 277 1762 Me
289 1739 399 1769 phy-lene
453 1746 474 1763 a.
489 1738 522 1762 Ν1
538 1739 616 1762 videor
670 1746 693 1769 3.
709 1737 742 1761 Μ
755 1739 787 1761 da
800 1738 928 1770 aliq-tudun
942 1739 995 1766 (tie)

148 1782 234 1803 onem
240 1779 363 1803 wunne-
419 1786 455 1809 15.
466 1780 503 1803 Me
512 1780 544 1803 uti
601 1779 634 1802 16.
644 1778 677 1802 N'
685 1779 728 1802 litt.
737 1786 786 1802 uc.
845 1786 878 1808 ¹7.
887 1779 924 1802 Me
930 1782 1014 1802 omem
1021 1786 1066 1809 que
1075 1779 1135 1808 dopo
1142 1785 1210 1808 quam

149 1819 240 1849 Μ’*
253 1821 309 1847 (⁸1²1

1057 1747 1082 1767 4.
1099 1737 1132 1760 ΝΙ
1149 1738 1219 1761 vale-t
1274 1745 1299 1767 9.
1314 1736 1347 1760 Μ’

1269 1778 1348 1808 19.Με

149 1912 282 1941 dellasna
297 1912 360 1946 vita,
378 1922 394 1940 e
412 1913 473 1941 cioe
491 1913 511 1940 il
530 1911 604 1947 1356.
642 1912 685 1940 Or
699 1920 729 1940 se

151 1963 167 1982 a
184 1961 280 1992 questo
302 1955 350 1983 noi
371 1955 566 1991 aggiungiamo
584 1955 728 1982 trentacin-

149 1998 278 2034 qu‘anni,
302 1998 430 2026 abbiamo
449 1998 467 2025 il
490 2006 565 2034 ¹39¹·
589 1997 651 2025 data
669 1997 726 2025 del-

150 2040 169 2068 l'
175 2040 288 2077 epistola
298 2041 324 2068 nl
335 2041 368 2068 da
378 2040 497 2077 Moglio;
509 2049 538 2068 se
548 2041 726 2077 qun-annai,

149 2082 244 2119 quanti
265 2084 324 2110 cioe
347 2091 382 2110 ne
401 2083 489 2110 indica
508 2083 554 2119 qui
572 2082 592 2110 il
611 2082 650 2116 S..
667 2091 726 2119 per-

150 2126 279 2154 veninmo
302 2125 329 2153 al
354 2133 428 2160 ¹⁴0²·
474 2120 496 2154 E
518 2126 627 2163 dunque
652 2125 725 2154 fona

151 2168 312 2196 concludere
327 2168 378 2196 che
390 2169 418 2196 in
431 2169 592 2205 quest'anno
606 2176 654 2204 per
664 2169 726 2205 Pap-

151 2217 237 2248 punto
255 2213 295 2239 sia
312 2218 381 2240 stata
394 2212 421 2239 la
436 2219 560 2249 presente
575 2217 726 2248 composta.

186 2255 230 2291 (1)
249 2254 325 2282 mre
343 2263 408 2283 cosa
437 2255 567 2292 alquanto
591 2254 726 2290 singulare

152 2295 203 2324 che
220 2295 273 2324 alla
289 2296 381 2333 vigilia
393 2297 438 2324 del
452 2297 643 2334 risorgimento
656 2296 725 2324 della

151 2338 254 2367 coitura
281 2339 394 2367 classica
413 2339 432 2367 il
450 2340 479 2367 S.
495 2341 589 2367 :nostri
616 2346 692 2367 tanta
711 2347 726 2366 e

152 2381 208 2408 cosi
235 2389 328 2409 amara
342 2381 454 2409 :fiducia
481 2381 543 2409 nell·
554 2381 682 2409 awenire
700 2381 727 2408 di

773 1923 842 1943 essa.
879 1915 926 1942 Ma
945 1923 1025 1942 come
1043 1915 1088 1951 qui
1108 1914 1142 1941 da
1152 1913 1198 1947 lui,
1213 1914 1259 1941 noi
1271 1913 1349 1941 lave·

771 1958 863 1985 diamo
883 1959 927 1994 piu
948 1957 1020 1984 volte
1039 1956 1211 1984 manifestata
1230 1956 1272 1983 ne'
1287 1956 1348 1983 suoi

770 1999 853 2027 scritti
881 1999 968 2026 anche
987 1998 1032 2025 dal
1051 1998 1190 2030 Peuma
1215 2006 1229 2024 e
1249 1996 1321 2024 forse
1339 1997 1347 2024 i

770 2041 837 2068 tristi
857 2041 966 2068 vaticinl
988 2046 1064 2067 tanto
1092 2039 1220 2066 dell’uno
1245 2044 1348 2074 quanto

771 2085 832 2112 den·
838 2084 905 2112 altro
917 2085 943 2111 di
963 2084 1048 2120 questi
1061 2083 1114 2110 due
1127 2082 1203 2119 padri
1221 2081 1266 2109 del
1278 2083 1349 2109 rina-

771 2127 906 2154 scimento
919 2134 970 2153 son
980 2126 1014 2152 da
1024 2125 1196 2153 considerare
1212 2123 1256 2160 piu
1268 2131 1348 2150 come

771 2168 863 2196 effetto
882 2168 908 2195 di
933 2167 1101 2204 passeggieri
1120 2165 1347 2202 scoraggiamenti

770 2212 820 2239 che
836 2211 940 2238 sincere
956 2209 1118 2246 espressioni
1133 2208 1161 2235 di
1174 2216 1227 2235 una
1240 2207 1292 2235 ben
1305 2215 1348 2234 ra-

771 2253 858 2281 diata
873 2252 1055 2289 persuasione.

807 2294 850 2331 (2)
870 2294 911 2322 Cf.
931 2302 978 2329 per
996 2292 1155 2329 simiglianti
1174 2291 1233 2318 idee
1256 2292 1302 2327 gia
1320 2290 1346 2318 le

772 2346 831 2374 epp.
847 2344 887 2364 xx
902 2336 946 2363 del
965 2335 1010 2363 lib.
1026 2335 1047 2367 1,
1062 2342 1093 2362 vr
1109 2333 1152 2361 del
1170 2333 1213 2360 lib.
1229 2332 1276 2366 IV,
1294 2339 1345 2360 ιιι

771 2379 815 2407 del
833 2379 879 2407 lib.
894 2378 933 2405 Vl
948 2379 998 2405 διε.

1376 343 1422 363 καὶ
1431 343 1563 370 mugiunt-⁰
1572 343 1588 364 il

1376 369 1468 397 perieolo
1489 370 1510 390 di
1530 370 1588 390 deoa-

1376 397 1440 417 denza
1452 403 1464 417 e
1483 397 1504 416 di
1520 401 1587 417 morta

1375 423 1413 444 che
1421 430 1445 444 or
1453 423 1466 444 li
1477 423 1586 448 min-edu

1375 472 1394 505 le
1401 479 1474 493 una-ne
1482 472 1587 500 discipline

1376 506 1511 520 ΓΙΙΙἾΕΙἿΙΙΠΙΟ
1559 506 1587 519 un

1375 532 1444 554 pono.
1455 533 1485 547 un
1498 525 1559 551 uilo,

1374 595 1386 610 e
1406 589 1426 609 ln
1444 589 1491 609 loro
1506 589 1550 610 luce
1565 589 1587 609 in

1374 616 1439 643 luogo
1455 616 1476 636 d'
1482 623 1587 643 erumpere

1373 643 1465 663 solunte
1492 643 1525 663 dai
1553 643 1587 670 piu

1373 669 1432 690 11111111
1439 669 1498 691 stud
1507 669 1587 695 unciali,

1373 696 1587 717 eomehoessiben-

1374 728 1444 743 mente
1458 723 1559 746 dall'nlto.

1396 822 1452 842 Gru
1460 828 1566 855 vei-gogus
1575 823 1587 842 e

1374 848 1442 870 inf-tu
1456 856 1491 876 per
1498 856 1505 869 ι
1514 848 1587 874 nobili,

1375 876 1413 896 ebe
1427 876 1491 896 nium
1505 875 1587 896 lettera?

1374 902 1404 923 rh
1414 903 1502 930 impret-
1515 907 1588 930 11138-

1374 930 1414 949 imi
1430 930 1510 976 9115111119
1526 936 1539 950 o
1553 937 1587 957 ap-

1374 963 1468 1008 5521&

1374 1025 1386 1038 e
1393 1019 1418 1038 da
1425 1019 1458 1039 ςίὸ
1466 1019 1513 1039 vien
1518 1018 1586 1039 &uuo

1374 1045 1414 1066 dle
1427 1045 1501 1066 lettere
1511 1051 1586 1070 neue,

1374 1073 1407 1093 cui
1421 1072 1440 1092 ln
1453 1071 1532 1092 nobilu
1545 1078 1589 1092 cre-

1375 1099 1472 1119 neerebbe
1492 1099 1587 1126 splendo-

1375 1132 1396 1146 re

1402 1166 1506 1187 Ludovico
1513 1166 1530 1187 sl
1537 1172 1587 1186 con-

1375 1193 1435 1214 senui
1443 1193 1525 1220 dunque
1533 1193 1588 1213 nella

1375 1226 1432 1267 zu:
1441 1248 1452 1266 ὲ
1466 1247 1500 1274 piu
1509 1253 1538 1266 no
1550 1219 1588 1240 dn

1375 1274 1410 1301 piu
1427 1273 1489 1298 beno.
1503 1274 1539 1300 piu
1558 1273 1564 1293 1

1376 1300 1450 1321 devole
1470 1300 1491 1320 di
1511 1299 1587 1320 siff-tte

1376 1327 1491 1354 discipline.

1376 1362 1413 1383 ebe
1427 1369 1474 1383 vere
1488 1362 1532 1383 doti
1547 1362 1588 1383 del-

1375 1389 1390 1410 1’
1396 1395 1461 1410 nomo
1474 1395 1514 1410 eon
1528 1389 1588 1410 l'elo-

1375 1423 1455 1444 qum·
1462 1422 1474 1436 e
1482 1416 1496 1437 n
1507 1422 1586 1444 ωριτε.

1375 1455 1453 1476 ond'ei
1481 1455 1588 1476 exuda-

1376 1482 1408 1503 nul
1431 1489 1507 1515 grege
1528 1487 1588 1503 muto

1375 1509 1431 1536 degli
1455 1510 1539 1530 animan
1562 1510 1588 1530 ed

1375 1536 1440 1556 suche
1455 1537 1486 1556 dai
1501 1537 1548 1557 ιιιοί
1561 1537 1588 1557 ni-

1375 1563 1419 1583 nui
1430 1563 1561 1584 ἰώπων
