<?xml version="1.0" encoding="UTF-8"?>
<!DOCTYPE html PUBLIC "-//W3C//DTD XHTML 1.0 Transitional//EN"
    "http://www.w3.org/TR/xhtml1/DTD/xhtml1-transitional.dtd">
<html xmlns="http://www.w3.org/1999/xhtml" xml:lang="en" lang="en">
 <head>
  <title>
</title>
<meta http-equiv="Content-Type" content="text/html;charset=utf-8" />
  <meta name='ocr-system' content='tesseract 3.04.00' />
  <meta name='ocr-capabilities' content='ocr_page ocr_carea ocr_par ocr_line ocrx_word'/>
</head>
<body>
  <div class='ocr_page' id='page_1' title='image "./epistolariodicol17saluuoft_0614.png"; bbox 0 0 1682 2762; ppageno 0'>
   <div class='ocr_carea' id='block_1_1' title="bbox 118 362 333 466">
    <p class='ocr_par' dir='ltr' id='par_1_1' title="bbox 118 362 333 466">
     <span class='ocr_line' id='line_1_1' title="bbox 118 362 332 391; baseline -0.014 -6"><span class='ocrx_word' id='word_1_1' title='bbox 118 369 177 385; x_wconf 67' lang='lat' dir='ltr'><strong>tanto</strong></span> <span class='ocrx_word' id='word_1_2' title='bbox 199 367 277 391; x_wconf 69' lang='lat' dir='ltr'><strong>quanto</strong></span> <span class='ocrx_word' id='word_1_3' title='bbox 299 362 332 382; x_wconf 68' lang='lat' dir='ltr'><strong>dal</strong></span> 
     </span>
     <span class='ocr_line' id='line_1_2' title="bbox 118 390 333 411; baseline -0.009 0"><span class='ocrx_word' id='word_1_4' title='bbox 118 392 178 411; x_wconf 74' lang='lat' dir='ltr'><strong>bruto</strong></span> <span class='ocrx_word' id='word_1_5' title='bbox 200 392 218 411; x_wconf 83' lang='grc' dir='ltr'>ιί</span> <span class='ocrx_word' id='word_1_6' title='bbox 242 390 333 410; x_wconf 66' lang='lat' dir='ltr'><strong>diacona</strong></span> 
     </span>
     <span class='ocr_line' id='line_1_3' title="bbox 118 418 333 444; baseline -0.009 -6"><span class='ocrx_word' id='word_1_7' title='bbox 118 419 211 439; x_wconf 77' lang='lat' dir='ltr'><strong>l&#39;euere</strong></span> <span class='ocrx_word' id='word_1_8' title='bbox 239 418 333 444; x_wconf 69' lang='lat' dir='ltr'><strong>ragione-</strong></span> 
     </span>
     <span class='ocr_line' id='line_1_4' title="bbox 118 445 173 466; baseline 0.018 -1"><span class='ocrx_word' id='word_1_9' title='bbox 118 445 173 466; x_wconf 83' lang='lat' dir='ltr'><strong>vole.</strong></span> 
     </span>
    </p>
   </div>
   <div class='ocr_carea' id='block_1_2' title="bbox 120 536 334 670">
    <p class='ocr_par' dir='ltr' id='par_1_2' title="bbox 120 536 334 670">
     <span class='ocr_line' id='line_1_5' title="bbox 146 536 333 559; baseline -0.016 0"><span class='ocrx_word' id='word_1_10' title='bbox 146 538 195 559; x_wconf 82' lang='lat' dir='ltr'><strong>Non</strong></span> <span class='ocrx_word' id='word_1_11' title='bbox 218 537 289 558; x_wconf 74' lang='lat' dir='ltr'><strong>invi-iii</strong></span> <span class='ocrx_word' id='word_1_12' title='bbox 311 536 333 556; x_wconf 83' lang='lat' dir='ltr'><strong>iu</strong></span> 
     </span>
     <span class='ocr_line' id='line_1_6' title="bbox 121 564 334 592; baseline -0.014 -6"><span class='ocrx_word' id='word_1_13' title='bbox 121 571 264 592; x_wconf 75' lang='lat' dir='ltr'><strong>consegnenza</strong></span> <span class='ocrx_word' id='word_1_14' title='bbox 315 564 334 583; x_wconf 82' lang='lat' dir='ltr'><strong>ai</strong></span> 
     </span>
     <span class='ocr_line' id='line_1_7' title="bbox 121 590 333 620; baseline -0.014 -7"><span class='ocrx_word' id='word_1_15' title='bbox 121 593 167 613; x_wconf 79' lang='lat' dir='ltr'><strong>suoi</strong></span> <span class='ocrx_word' id='word_1_16' title='bbox 189 592 231 620; x_wconf 65' lang='lat' dir='ltr'><strong>ptri</strong></span> <span class='ocrx_word' id='word_1_17' title='bbox 252 591 271 611; x_wconf 73' lang='lat' dir='ltr'><strong>la</strong></span> <span class='ocrx_word' id='word_1_18' title='bbox 288 590 333 610; x_wconf 85' lang='lat' dir='ltr'><strong>loro</strong></span> 
     </span>
     <span class='ocr_line' id='line_1_8' title="bbox 120 617 334 647; baseline -0.009 -8"><span class='ocrx_word' id='word_1_19' title='bbox 120 619 191 647; x_wconf 67' lang='lat' dir='ltr'><strong>agilitd</strong></span> <span class='ocrx_word' id='word_1_20' title='bbox 211 618 245 639; x_wconf 87' lang='lat' dir='ltr'><strong>nel</strong></span> <span class='ocrx_word' id='word_1_21' title='bbox 267 617 334 638; x_wconf 74' lang='lat' dir='ltr'><strong>caval-</strong></span> 
     </span>
     <span class='ocr_line' id='line_1_9' title="bbox 122 653 175 670; baseline -0.019 -3"><span class='ocrx_word' id='word_1_22' title='bbox 122 653 175 670; x_wconf 68' lang='lat' dir='ltr'><strong>cure,</strong></span> 
     </span>
    </p>
   </div>
   <div class='ocr_carea' id='block_1_3' title="bbox 125 889 315 913">
    <p class='ocr_par' dir='ltr' id='par_1_3' title="bbox 125 889 315 913">
     <span class='ocr_line' id='line_1_10' title="bbox 125 889 315 913; baseline -0.011 -3"><span class='ocrx_word' id='word_1_23' title='bbox 125 889 180 910; x_wconf 83' lang='lat' dir='ltr'><strong>nello</strong></span> <span class='ocrx_word' id='word_1_24' title='bbox 195 889 315 913; x_wconf 76' lang='lat' dir='ltr'><strong>schemire,</strong></span> 
     </span>
    </p>
   </div>
   <div class='ocr_carea' id='block_1_4' title="bbox 126 1059 341 1113">
    <p class='ocr_par' dir='ltr' id='par_1_4' title="bbox 126 1059 341 1113">
     <span class='ocr_line' id='line_1_11' title="bbox 126 1059 341 1085; baseline -0.014 -4"><span class='ocrx_word' id='word_1_25' title='bbox 126 1061 158 1081; x_wconf 83' lang='lat' dir='ltr'><strong>nel</strong></span> <span class='ocrx_word' id='word_1_26' title='bbox 166 1060 248 1085; x_wconf 71' lang='lat' dir='ltr'><strong>saltare,</strong></span> <span class='ocrx_word' id='word_1_27' title='bbox 253 1059 288 1080; x_wconf 84' lang='lat' dir='ltr'><strong>nel</strong></span> <span class='ocrx_word' id='word_1_28' title='bbox 295 1065 341 1079; x_wconf 82' lang='lat' dir='ltr'><strong>eor-</strong></span> 
     </span>
     <span class='ocr_line' id='line_1_12' title="bbox 126 1095 179 1113; baseline 0 -5"><span class='ocrx_word' id='word_1_29' title='bbox 126 1095 179 1113; x_wconf 77' lang='lat' dir='ltr'><strong>rere,</strong></span> 
     </span>
    </p>
   </div>
   <div class='ocr_carea' id='block_1_5' title="bbox 128 1239 342 1298">
    <p class='ocr_par' dir='ltr' id='par_1_5' title="bbox 128 1239 342 1298">
     <span class='ocr_line' id='line_1_13' title="bbox 128 1239 342 1269; baseline -0.014 -7"><span class='ocrx_word' id='word_1_30' title='bbox 128 1241 162 1262; x_wconf 84' lang='lat' dir='ltr'><strong>nel</strong></span> <span class='ocrx_word' id='word_1_31' title='bbox 190 1241 275 1269; x_wconf 74' lang='lat' dir='ltr'><strong>giuocnr</strong></span> <span class='ocrx_word' id='word_1_32' title='bbox 301 1239 342 1260; x_wconf 69' lang='lat' dir='ltr'><strong>nlla</strong></span> 
     </span>
     <span class='ocr_line' id='line_1_14' title="bbox 129 1268 191 1298; baseline 0 -9"><span class='ocrx_word' id='word_1_33' title='bbox 129 1268 183 1298; x_wconf 58' lang='lat' dir='ltr'><strong>pulle</strong></span> <span class='ocrx_word' id='word_1_34' title='bbox 186 1284 191 1293; x_wconf 90' lang='grc'>,</span> 
     </span>
    </p>
   </div>
   <div class='ocr_carea' id='block_1_6' title="bbox 130 1361 346 1468">
    <p class='ocr_par' dir='ltr' id='par_1_6' title="bbox 130 1361 346 1468">
     <span class='ocr_line' id='line_1_15' title="bbox 130 1361 344 1387; baseline -0.009 -4"><span class='ocrx_word' id='word_1_35' title='bbox 130 1363 187 1383; x_wconf 83' lang='lat' dir='ltr'><strong>nello</strong></span> <span class='ocrx_word' id='word_1_36' title='bbox 211 1362 298 1387; x_wconf 61' lang='lat' dir='ltr'><strong>angli-r</strong></span> <span class='ocrx_word' id='word_1_37' title='bbox 325 1361 344 1381; x_wconf 78' lang='lat' dir='ltr'><strong>ln</strong></span> 
     </span>
     <span class='ocr_line' id='line_1_16' title="bbox 131 1388 346 1414; baseline -0.009 -4"><span class='ocrx_word' id='word_1_38' title='bbox 131 1390 209 1414; x_wconf 52' lang='lat' dir='ltr'><strong>hucin</strong></span> <span class='ocrx_word' id='word_1_39' title='bbox 224 1396 266 1409; x_wconf 85' lang='lat' dir='ltr'><strong>non</strong></span> <span class='ocrx_word' id='word_1_40' title='bbox 278 1388 346 1409; x_wconf 78' lang='lat' dir='ltr'><strong>divid-</strong></span> 
     </span>
     <span class='ocr_line' id='line_1_17' title="bbox 131 1417 346 1442; baseline -0.009 -5"><span class='ocrx_word' id='word_1_41' title='bbox 131 1417 146 1437; x_wconf 88' lang='lat' dir='ltr'><strong>il</strong></span> <span class='ocrx_word' id='word_1_42' title='bbox 166 1417 212 1437; x_wconf 83' lang='lat' dir='ltr'><strong>loro</strong></span> <span class='ocrx_word' id='word_1_43' title='bbox 231 1417 292 1436; x_wconf 70' lang='lat' dir='ltr'><strong>ardor</strong></span> <span class='ocrx_word' id='word_1_44' title='bbox 311 1422 346 1442; x_wconf 85' lang='lat' dir='ltr'><strong>per</strong></span> 
     </span>
     <span class='ocr_line' id='line_1_18' title="bbox 132 1444 241 1468; baseline -0.009 -4"><span class='ocrx_word' id='word_1_45' title='bbox 132 1444 152 1464; x_wconf 75' lang='lat' dir='ltr'><strong>ln</strong></span> <span class='ocrx_word' id='word_1_46' title='bbox 166 1444 241 1468; x_wconf 71' lang='lat' dir='ltr'><strong>cuein,</strong></span> 
     </span>
    </p>
   </div>
   <div class='ocr_carea' id='block_1_7' title="bbox 134 1533 350 1732">
    <p class='ocr_par' dir='ltr' id='par_1_7' title="bbox 134 1533 348 1636">
     <span class='ocr_line' id='line_1_19' title="bbox 134 1533 347 1560; baseline -0.009 -6"><span class='ocrx_word' id='word_1_47' title='bbox 134 1541 168 1554; x_wconf 74' lang='lat' dir='ltr'><strong>mn</strong></span> <span class='ocrx_word' id='word_1_48' title='bbox 175 1534 192 1554; x_wconf 78' lang='lat' dir='ltr'><strong>si</strong></span> <span class='ocrx_word' id='word_1_49' title='bbox 202 1533 306 1560; x_wconf 72' lang='lat' dir='ltr'><strong>distiugm</strong></span> <span class='ocrx_word' id='word_1_50' title='bbox 313 1533 347 1552; x_wconf 72' lang='lat' dir='ltr'><strong>dn-</strong></span> 
     </span>
     <span class='ocr_line' id='line_1_20' title="bbox 149 1560 348 1587; baseline -0.01 -6"><span class='ocrx_word' id='word_1_51' title='bbox 149 1561 163 1582; x_wconf 78' lang='lat' dir='ltr'><strong>li</strong></span> <span class='ocrx_word' id='word_1_52' title='bbox 177 1560 225 1581; x_wconf 73' lang='lat' dir='ltr'><strong>altri</strong></span> <span class='ocrx_word' id='word_1_53' title='bbox 246 1561 295 1581; x_wconf 77' lang='lat' dir='ltr'><strong>tutti</strong></span> <span class='ocrx_word' id='word_1_54' title='bbox 313 1566 348 1587; x_wconf 78' lang='lat' dir='ltr'><strong>per</strong></span> 
     </span>
     <span class='ocr_line' id='line_1_21' title="bbox 134 1568 348 1635; baseline -0.009 -27"><span class='ocrx_word' id='word_1_55' title='bbox 134 1568 242 1635; x_wconf 60' lang='lat' dir='ltr'><strong>finvigore</strong></span> <span class='ocrx_word' id='word_1_56' title='bbox 260 1586 348 1607; x_wconf 83' lang='lat' dir='ltr'><strong>dell&#39;in-</strong></span> 
     </span>
     <span class='ocr_line' id='line_1_22' title="bbox 135 1620 224 1636; baseline 0.011 -1"><span class='ocrx_word' id='word_1_57' title='bbox 135 1621 155 1636; x_wconf 79' lang='lat' dir='ltr'><strong>te</strong></span> <span class='ocrx_word' id='word_1_58' title='bbox 172 1620 224 1636; x_wconf 83' lang='lat' dir='ltr'><strong>eno.</strong></span> 
     </span>
    </p>

    <p class='ocr_par' dir='ltr' id='par_1_8' title="bbox 136 1651 350 1732">
     <span class='ocr_line' id='line_1_23' title="bbox 163 1651 348 1678; baseline -0.011 -7"><span class='ocrx_word' id='word_1_59' title='bbox 163 1651 214 1671; x_wconf 83' lang='lat' dir='ltr'><strong>Solo</strong></span> <span class='ocrx_word' id='word_1_60' title='bbox 229 1655 303 1678; x_wconf 73' lang='lat' dir='ltr'><strong>questo</strong></span> <span class='ocrx_word' id='word_1_61' title='bbox 317 1654 348 1670; x_wconf 71' lang='lat' dir='ltr'><strong>tra</strong></span> 
     </span>
     <span class='ocr_line' id='line_1_24' title="bbox 136 1676 350 1705; baseline -0.005 -7"><span class='ocrx_word' id='word_1_62' title='bbox 136 1678 150 1698; x_wconf 85' lang='lat' dir='ltr'><strong>il</strong></span> <span class='ocrx_word' id='word_1_63' title='bbox 159 1677 296 1705; x_wconf 78' lang='lat' dir='ltr'><strong>corrompersi</strong></span> <span class='ocrx_word' id='word_1_64' title='bbox 304 1676 350 1697; x_wconf 62' lang='grc' dir='ltr'><strong>(Ιό-</strong></span> 
     </span>
     <span class='ocr_line' id='line_1_25' title="bbox 136 1706 323 1732; baseline -0.005 -7"><span class='ocrx_word' id='word_1_65' title='bbox 136 1706 171 1732; x_wconf 82' lang='lat' dir='ltr'><strong>gni</strong></span> <span class='ocrx_word' id='word_1_66' title='bbox 187 1709 256 1725; x_wconf 73' lang='lat' dir='ltr'><strong>crena</strong></span> <span class='ocrx_word' id='word_1_67' title='bbox 273 1710 323 1724; x_wconf 70' lang='lat' dir='ltr'><strong>cosa</strong></span> 
     </span>
    </p>
   </div>
   <div class='ocr_carea' id='block_1_8' title="bbox 112 1765 351 1850">
    <p class='ocr_par' dir='ltr' id='par_1_9' title="bbox 112 1765 351 1850">
     <span class='ocr_line' id='line_1_26' title="bbox 112 1765 349 1789; baseline -0.008 0"><span class='ocrx_word' id='word_1_68' title='bbox 112 1765 117 1769; x_wconf 57' lang='lat'><em>⁶</em></span> <span class='ocrx_word' id='word_1_69' title='bbox 151 1769 224 1789; x_wconf 70' lang='lat' dir='ltr'><strong>erdura</strong></span> <span class='ocrx_word' id='word_1_70' title='bbox 245 1773 316 1788; x_wconf 79' lang='lat' dir='ltr'><strong>eterno</strong></span> <span class='ocrx_word' id='word_1_71' title='bbox 338 1774 349 1787; x_wconf 82' lang='lat' dir='ltr'><strong>e</strong></span> 
     </span>
     <span class='ocr_line' id='line_1_27' title="bbox 137 1776 351 1816; baseline -0.009 0"><span class='ocrx_word' id='word_1_72' title='bbox 137 1776 215 1816; x_wconf 51' lang='lat' dir='ltr'><strong>{misce</strong></span> <span class='ocrx_word' id='word_1_73' title='bbox 238 1795 258 1815; x_wconf 87' lang='lat' dir='ltr'><strong>di</strong></span> <span class='ocrx_word' id='word_1_74' title='bbox 286 1795 351 1815; x_wconf 60' lang='lat' dir='ltr'><strong>veriti</strong></span> 
     </span>
     <span class='ocr_line' id='line_1_28' title="bbox 137 1823 265 1850; baseline -0.008 -7"><span class='ocrx_word' id='word_1_75' title='bbox 137 1823 265 1850; x_wconf 68' lang='lat' dir='ltr'><strong>imperitum,</strong></span> 
     </span>
    </p>
   </div>
   <div class='ocr_carea' id='block_1_9' title="bbox 139 1930 354 2067">
    <p class='ocr_par' dir='ltr' id='par_1_10' title="bbox 139 1930 354 2067">
     <span class='ocr_line' id='line_1_29' title="bbox 139 1930 352 1957; baseline -0.009 -7"><span class='ocrx_word' id='word_1_76' title='bbox 139 1930 213 1957; x_wconf 69' lang='lat' dir='ltr'><strong>perche</strong></span> <span class='ocrx_word' id='word_1_77' title='bbox 218 1930 282 1950; x_wconf 70' lang='lat' dir='ltr'><strong>anche</strong></span> <span class='ocrx_word' id='word_1_78' title='bbox 289 1936 352 1956; x_wconf 72' lang='lat' dir='ltr'><strong>quan-</strong></span> 
     </span>
     <span class='ocr_line' id='line_1_30' title="bbox 140 1957 353 1977; baseline -0.009 0"><span class='ocrx_word' id='word_1_79' title='bbox 140 1957 167 1977; x_wconf 86' lang='lat' dir='ltr'><strong>do</strong></span> <span class='ocrx_word' id='word_1_80' title='bbox 190 1957 197 1977; x_wconf 89' lang='lat' dir='ltr'><strong>i</strong></span> <span class='ocrx_word' id='word_1_81' title='bbox 223 1957 353 1977; x_wconf 82' lang='lat' dir='ltr'><strong>monumenti</strong></span> 
     </span>
     <span class='ocr_line' id='line_1_31' title="bbox 140 1983 354 2004; baseline -0.005 0"><span class='ocrx_word' id='word_1_82' title='bbox 140 1984 230 2004; x_wconf 71' lang='lat' dir='ltr'><strong>leuet-nri</strong></span> <span class='ocrx_word' id='word_1_83' title='bbox 237 1991 248 2003; x_wconf 87' lang='lat' dir='ltr'><strong>e</strong></span> <span class='ocrx_word' id='word_1_84' title='bbox 257 1983 354 2003; x_wconf 78' lang='lat' dir='ltr'><strong>filosofiei</strong></span> 
     </span>
     <span class='ocr_line' id='line_1_32' title="bbox 140 2011 354 2031; baseline -0.005 0"><span class='ocrx_word' id='word_1_85' title='bbox 140 2012 200 2031; x_wconf 70' lang='lat' dir='ltr'><strong>siano</strong></span> <span class='ocrx_word' id='word_1_86' title='bbox 211 2011 334 2031; x_wconf 67' lang='lat' dir='ltr'><strong>cond-nunti</strong></span> <span class='ocrx_word' id='word_1_87' title='bbox 342 2017 354 2030; x_wconf 78' lang='grc' dir='ltr'>ι</span> 
     </span>
     <span class='ocr_line' id='line_1_33' title="bbox 141 2040 212 2067; baseline 0 -8"><span class='ocrx_word' id='word_1_88' title='bbox 141 2040 212 2067; x_wconf 80' lang='lat' dir='ltr'><strong>perire.</strong></span> 
     </span>
    </p>
   </div>
   <div class='ocr_carea' id='block_1_10' title="bbox 359 226 1142 257">
    <p class='ocr_par' dir='ltr' id='par_1_11' title="bbox 359 226 1142 257">
     <span class='ocr_line' id='line_1_34' title="bbox 359 226 1142 257; baseline -0.003 0"><span class='ocrx_word' id='word_1_89' title='bbox 359 226 426 257; x_wconf 89' lang='grc'><strong>600</strong></span> <span class='ocrx_word' id='word_1_90' title='bbox 797 228 1142 257; x_wconf 82' lang='lat' dir='ltr'>EPISTOLARIO</span> 
     </span>
    </p>
   </div>
   <div class='ocr_carea' id='block_1_11' title="bbox 360 352 1586 2038">
    <p class='ocr_par' dir='ltr' id='par_1_12' title="bbox 360 352 1580 1628">
     <span class='ocr_line' id='line_1_35' title="bbox 360 352 1566 399; baseline -0.003 -10"><span class='ocrx_word' id='word_1_91' title='bbox 360 357 451 390; x_wconf 88' lang='lat' dir='ltr'><strong>illum</strong></span> <span class='ocrx_word' id='word_1_92' title='bbox 476 355 662 389; x_wconf 83' lang='lat' dir='ltr'><strong>excellentie</strong></span> <span class='ocrx_word' id='word_1_93' title='bbox 687 354 834 399; x_wconf 87' lang='lat' dir='ltr'><strong>gradum,</strong></span> <span class='ocrx_word' id='word_1_94' title='bbox 859 365 957 398; x_wconf 89' lang='lat' dir='ltr'><strong>quem</strong></span> <span class='ocrx_word' id='word_1_95' title='bbox 984 354 1073 387; x_wconf 89' lang='lat' dir='ltr'><strong>Deus</strong></span> <span class='ocrx_word' id='word_1_96' title='bbox 1097 362 1128 387; x_wconf 89' lang='lat' dir='ltr'><strong>et</strong></span> <span class='ocrx_word' id='word_1_97' title='bbox 1153 362 1265 386; x_wconf 91' lang='lat' dir='ltr'><strong>natura</strong></span> <span class='ocrx_word' id='word_1_98' title='bbox 1294 352 1462 386; x_wconf 88' lang='lat' dir='ltr'><strong>constituit</strong></span> <span class='ocrx_word' id='word_1_99' title='bbox 1483 352 1566 386; x_wconf 87' lang='lat' dir='ltr'><strong>inter</strong></span> 
     </span>
     <span class='ocr_line' id='line_1_36' title="bbox 361 411 1566 456; baseline -0.004 -7"><span class='ocrx_word' id='word_1_100' title='bbox 361 416 510 449; x_wconf 86' lang='lat' dir='ltr'><strong>homines</strong></span> <span class='ocrx_word' id='word_1_101' title='bbox 523 423 554 448; x_wconf 89' lang='lat' dir='ltr'><strong>et</strong></span> <span class='ocrx_word' id='word_1_102' title='bbox 566 413 715 447; x_wconf 86' lang='lat' dir='ltr'><strong>animalia</strong></span> <span class='ocrx_word' id='word_1_103' title='bbox 728 413 860 446; x_wconf 88' lang='lat' dir='ltr'><strong>rationis</strong></span> <span class='ocrx_word' id='word_1_104' title='bbox 873 412 1031 456; x_wconf 87' lang='lat' dir='ltr'><strong>expertia;</strong></span> <span class='ocrx_word' id='word_1_105' title='bbox 1047 421 1201 456; x_wconf 89' lang='lat' dir='ltr'><strong>tantoque</strong></span> <span class='ocrx_word' id='word_1_106' title='bbox 1214 411 1435 451; x_wconf 88' lang='lat' dir='ltr'><strong>excelsiorem,</strong></span> <span class='ocrx_word' id='word_1_107' title='bbox 1443 420 1566 455; x_wconf 87' lang='lat' dir='ltr'><strong>quanto</strong></span> 
     </span>
     <span class='ocr_line' id='line_1_37' title="bbox 361 469 1567 516; baseline -0.005 -9"><span class='ocrx_word' id='word_1_108' title='bbox 361 473 488 508; x_wconf 88' lang='lat' dir='ltr'><strong>fortune</strong></span> <span class='ocrx_word' id='word_1_109' title='bbox 515 472 697 516; x_wconf 87' lang='lat' dir='ltr'><strong>benignitas</strong></span> <span class='ocrx_word' id='word_1_110' title='bbox 725 471 848 505; x_wconf 90' lang='lat' dir='ltr'><strong>donum</strong></span> <span class='ocrx_word' id='word_1_111' title='bbox 876 470 939 504; x_wconf 90' lang='lat' dir='ltr'><strong>hoc</strong></span> <span class='ocrx_word' id='word_1_112' title='bbox 964 470 1119 515; x_wconf 84' lang='lat' dir='ltr'><strong>potentia,</strong></span> <span class='ocrx_word' id='word_1_113' title='bbox 1143 469 1297 514; x_wconf 89' lang='lat' dir='ltr'><strong>dignitate</strong></span> <span class='ocrx_word' id='word_1_114' title='bbox 1327 469 1379 502; x_wconf 87' lang='lat' dir='ltr'><strong>vel</strong></span> <span class='ocrx_word' id='word_1_115' title='bbox 1410 469 1567 512; x_wconf 85' lang='lat' dir='ltr'><strong>sanguine</strong></span> 
     </span>
     <span class='ocr_line' id='line_1_38' title="bbox 361 526 1568 577; baseline -0.005 -11"><span class='ocrx_word' id='word_1_116' title='bbox 361 531 652 577; x_wconf 88' lang='lat' dir='ltr'><strong>supereminentius</strong></span> <span class='ocrx_word' id='word_1_117' title='bbox 665 529 846 564; x_wconf 90' lang='lat' dir='ltr'><strong>collocavit.</strong></span> <span class='ocrx_word' id='word_1_118' title='bbox 893 529 995 563; x_wconf 85' lang='lat' dir='ltr'><strong>sciant</strong></span> <span class='ocrx_word' id='word_1_119' title='bbox 1010 529 1106 574; x_wconf 88' lang='lat' dir='ltr'><strong>igitur</strong></span> <span class='ocrx_word' id='word_1_120' title='bbox 1126 529 1176 562; x_wconf 88' lang='lat' dir='ltr'><strong>alii</strong></span> <span class='ocrx_word' id='word_1_121' title='bbox 1189 540 1288 573; x_wconf 87' lang='lat' dir='ltr'><strong>gyros</strong></span> <span class='ocrx_word' id='word_1_122' title='bbox 1303 527 1464 561; x_wconf 91' lang='lat' dir='ltr'><strong>mirabiles</strong></span> <span class='ocrx_word' id='word_1_123' title='bbox 1479 526 1568 572; x_wconf 89' lang='lat' dir='ltr'><strong>equi-</strong></span> 
     </span>
     <span class='ocr_line' id='line_1_39' title="bbox 361 585 1568 632; baseline -0.002 -8"><span class='ocrx_word' id='word_1_124' title='bbox 361 590 461 624; x_wconf 88' lang='lat' dir='ltr'><strong>tando</strong></span> <span class='ocrx_word' id='word_1_125' title='bbox 482 589 652 630; x_wconf 87' lang='lat' dir='ltr'><strong>conficere,</strong></span> <span class='ocrx_word' id='word_1_126' title='bbox 677 598 746 622; x_wconf 90' lang='lat' dir='ltr'><strong>turn</strong></span> <span class='ocrx_word' id='word_1_127' title='bbox 771 599 882 632; x_wconf 86' lang='lat' dir='ltr'><strong>urgere</strong></span> <span class='ocrx_word' id='word_1_128' title='bbox 903 587 1076 622; x_wconf 88' lang='lat' dir='ltr'><strong>calcaribus</strong></span> <span class='ocrx_word' id='word_1_129' title='bbox 1093 596 1200 620; x_wconf 88' lang='lat' dir='ltr'><strong>armos</strong></span> <span class='ocrx_word' id='word_1_130' title='bbox 1212 587 1259 628; x_wconf 84' lang='lat'>(¹),</span> <span class='ocrx_word' id='word_1_131' title='bbox 1271 595 1342 620; x_wconf 91' lang='lat' dir='ltr'><strong>tum</strong></span> <span class='ocrx_word' id='word_1_132' title='bbox 1361 585 1468 620; x_wconf 87' lang='lat' dir='ltr'><strong>frenos</strong></span> <span class='ocrx_word' id='word_1_133' title='bbox 1483 587 1568 622; x_wconf 92' lang='lat' dir='ltr'><strong>relu-</strong></span> 
     </span>
     <span class='ocr_line' id='line_1_40' title="bbox 364 644 1567 692; baseline -0.004 -9"><span class='ocrx_word' id='word_1_134' title='bbox 364 649 522 683; x_wconf 90' lang='lat' dir='ltr'><strong>ctantibus</strong></span> <span class='ocrx_word' id='word_1_135' title='bbox 546 658 705 692; x_wconf 89' lang='lat' dir='ltr'><strong>equorum</strong></span> <span class='ocrx_word' id='word_1_136' title='bbox 729 646 866 680; x_wconf 86' lang='lat' dir='ltr'><strong>maxillis</strong></span> <span class='ocrx_word' id='word_1_137' title='bbox 891 655 1072 686; x_wconf 87' lang='lat' dir='ltr'><strong>concutere,</strong></span> <span class='ocrx_word' id='word_1_138' title='bbox 1099 644 1282 679; x_wconf 89' lang='lat' dir='ltr'><strong>celerrimos</strong></span> <span class='ocrx_word' id='word_1_139' title='bbox 1306 645 1427 689; x_wconf 88' lang='lat' dir='ltr'><strong>agitare</strong></span> <span class='ocrx_word' id='word_1_140' title='bbox 1446 656 1567 687; x_wconf 84' lang='lat' dir='ltr'><strong>cursus,</strong></span> 
     </span>
     <span class='ocr_line' id='line_1_41' title="bbox 363 703 1569 746; baseline -0.003 -5"><span class='ocrx_word' id='word_1_141' title='bbox 363 708 532 742; x_wconf 87' lang='lat' dir='ltr'><strong>latissimas</strong></span> <span class='ocrx_word' id='word_1_142' title='bbox 551 707 767 740; x_wconf 80' lang='lat' dir='ltr'><strong>transmittere</strong></span> <span class='ocrx_word' id='word_1_143' title='bbox 783 704 896 746; x_wconf 90' lang='lat' dir='ltr'><strong>fossas,</strong></span> <span class='ocrx_word' id='word_1_144' title='bbox 916 716 975 738; x_wconf 88' lang='lat' dir='ltr'><strong>nec</strong></span> <span class='ocrx_word' id='word_1_145' title='bbox 992 715 1104 738; x_wconf 85' lang='lat' dir='ltr'><strong>aereos</strong></span> <span class='ocrx_word' id='word_1_146' title='bbox 1117 703 1225 738; x_wconf 87' lang='lat' dir='ltr'><strong>solum</strong></span> <span class='ocrx_word' id='word_1_147' title='bbox 1240 703 1412 737; x_wconf 83' lang='lat' dir='ltr'><strong>ascendere</strong></span> <span class='ocrx_word' id='word_1_148' title='bbox 1427 713 1569 745; x_wconf 60' lang='lat' dir='ltr'><strong>montes,</strong></span> 
     </span>
     <span class='ocr_line' id='line_1_42' title="bbox 363 761 1570 811; baseline -0.004 -11"><span class='ocrx_word' id='word_1_149' title='bbox 363 766 420 800; x_wconf 89' lang='lat' dir='ltr'><strong>sed</strong></span> <span class='ocrx_word' id='word_1_150' title='bbox 430 777 485 811; x_wconf 92' lang='lat' dir='ltr'><strong>per</strong></span> <span class='ocrx_word' id='word_1_151' title='bbox 496 765 652 799; x_wconf 90' lang='lat' dir='ltr'><strong>clivorum</strong></span> <span class='ocrx_word' id='word_1_152' title='bbox 661 763 823 809; x_wconf 88' lang='lat' dir='ltr'><strong>precipitia</strong></span> <span class='ocrx_word' id='word_1_153' title='bbox 830 772 992 797; x_wconf 88' lang='lat' dir='ltr'><strong>currentes</strong></span> <span class='ocrx_word' id='word_1_154' title='bbox 1002 773 1103 807; x_wconf 85' lang='lat' dir='ltr'><strong>equos</strong></span> <span class='ocrx_word' id='word_1_155' title='bbox 1113 762 1288 796; x_wconf 84' lang='lat' dir='ltr'><strong>immittere</strong></span> <span class='ocrx_word' id='word_1_156' title='bbox 1299 761 1570 807; x_wconf 83' lang='lat' dir='ltr'><strong>cornipedemque</strong></span> 
     </span>
     <span class='ocr_line' id='line_1_43' title="bbox 363 819 1572 866; baseline -0.003 -7"><span class='ocrx_word' id='word_1_157' title='bbox 363 825 500 859; x_wconf 83' lang='lat' dir='ltr'><strong>flexibus</strong></span> <span class='ocrx_word' id='word_1_158' title='bbox 522 824 643 865; x_wconf 82' lang='lat' dir='ltr'><strong>subitis,</strong></span> <span class='ocrx_word' id='word_1_159' title='bbox 669 835 744 857; x_wconf 89' lang='lat' dir='ltr'><strong>cum</strong></span> <span class='ocrx_word' id='word_1_160' title='bbox 768 823 873 862; x_wconf 87' lang='lat' dir='ltr'><strong>currit,</strong></span> <span class='ocrx_word' id='word_1_161' title='bbox 893 823 1002 856; x_wconf 90' lang='lat' dir='ltr'><strong>sistere</strong></span> <span class='ocrx_word' id='word_1_162' title='bbox 1026 822 1077 856; x_wconf 91' lang='lat' dir='ltr'><strong>vel</strong></span> <span class='ocrx_word' id='word_1_163' title='bbox 1101 821 1164 855; x_wconf 87' lang='lat' dir='ltr'><strong>alio</strong></span> <span class='ocrx_word' id='word_1_164' title='bbox 1179 833 1277 866; x_wconf 85' lang='lat' dir='ltr'><strong>quam</strong></span> <span class='ocrx_word' id='word_1_165' title='bbox 1293 821 1384 855; x_wconf 89' lang='lat' dir='ltr'><strong>illum</strong></span> <span class='ocrx_word' id='word_1_166' title='bbox 1399 819 1495 855; x_wconf 83' lang='lat' dir='ltr'><strong>ferret</strong></span> <span class='ocrx_word' id='word_1_167' title='bbox 1509 821 1572 855; x_wconf 86' lang='lat' dir='ltr'><strong>im-</strong></span> 
     </span>
     <span class='ocr_line' id='line_1_44' title="bbox 365 879 1572 928; baseline -0.002 -11"><span class='ocrx_word' id='word_1_168' title='bbox 365 893 457 928; x_wconf 90' lang='lat' dir='ltr'><strong>petus</strong></span> <span class='ocrx_word' id='word_1_169' title='bbox 482 883 648 917; x_wconf 86' lang='lat' dir='ltr'><strong>advocare.</strong></span> <span class='ocrx_word' id='word_1_170' title='bbox 697 880 945 926; x_wconf 88' lang='lat' dir='ltr'><strong>congrediantur</strong></span> <span class='ocrx_word' id='word_1_171' title='bbox 968 880 1019 914; x_wconf 88' lang='lat' dir='ltr'><strong>alii</strong></span> <span class='ocrx_word' id='word_1_172' title='bbox 1044 879 1247 925; x_wconf 85' lang='lat' dir='ltr'><strong>splendentes</strong></span> <span class='ocrx_word' id='word_1_173' title='bbox 1271 879 1305 913; x_wconf 86' lang='lat' dir='ltr'><strong>in</strong></span> <span class='ocrx_word' id='word_1_174' title='bbox 1324 880 1419 913; x_wconf 86' lang='lat' dir='ltr'><strong>armis</strong></span> <span class='ocrx_word' id='word_1_175' title='bbox 1435 879 1572 924; x_wconf 81' lang='lat' dir='ltr'><strong>etequis</strong></span> 
     </span>
     <span class='ocr_line' id='line_1_45' title="bbox 367 997 1572 1042; baseline -0.002 -8"><span class='ocrx_word' id='word_1_176' title='bbox 367 1001 542 1035; x_wconf 90' lang='lat' dir='ltr'><strong>moliantur</strong></span> <span class='ocrx_word' id='word_1_177' title='bbox 565 1009 596 1033; x_wconf 90' lang='lat' dir='ltr'><strong>et</strong></span> <span class='ocrx_word' id='word_1_178' title='bbox 619 999 670 1032; x_wconf 91' lang='lat' dir='ltr'><strong>vel</strong></span> <span class='ocrx_word' id='word_1_179' title='bbox 694 999 740 1033; x_wconf 90' lang='lat' dir='ltr'><strong>sic</strong></span> <span class='ocrx_word' id='word_1_180' title='bbox 764 998 816 1032; x_wconf 83' lang='lat' dir='ltr'><strong>vel</strong></span> <span class='ocrx_word' id='word_1_181' title='bbox 835 997 1022 1042; x_wconf 89' lang='lat' dir='ltr'><strong>gladiatoria</strong></span> <span class='ocrx_word' id='word_1_182' title='bbox 1046 997 1192 1031; x_wconf 87' lang='lat' dir='ltr'><strong>doctrina</strong></span> <span class='ocrx_word' id='word_1_183' title='bbox 1211 997 1332 1031; x_wconf 89' lang='lat' dir='ltr'><strong>cientes</strong></span> <span class='ocrx_word' id='word_1_184' title='bbox 1351 1009 1440 1031; x_wconf 88' lang='lat' dir='ltr'><strong>arma</strong></span> <span class='ocrx_word' id='word_1_185' title='bbox 1462 1008 1572 1042; x_wconf 86' lang='lat' dir='ltr'><strong>pugne</strong></span> 
     </span>
     <span class='ocr_line' id='line_1_46' title="bbox 367 1054 1572 1103; baseline -0.002 -11"><span class='ocrx_word' id='word_1_186' title='bbox 367 1059 535 1094; x_wconf 90' lang='lat' dir='ltr'><strong>simulacra</strong></span> <span class='ocrx_word' id='word_1_187' title='bbox 547 1066 776 1103; x_wconf 85' lang='lat' dir='ltr'><strong>representem.</strong></span> <span class='ocrx_word' id='word_1_188' title='bbox 823 1056 971 1091; x_wconf 86' lang='lat' dir='ltr'><strong>exsiliant</strong></span> <span class='ocrx_word' id='word_1_189' title='bbox 983 1056 1034 1090; x_wconf 91' lang='lat' dir='ltr'><strong>alii</strong></span> <span class='ocrx_word' id='word_1_190' title='bbox 1050 1065 1178 1090; x_wconf 86' lang='lat' dir='ltr'><strong>strenue</strong></span> <span class='ocrx_word' id='word_1_191' title='bbox 1190 1065 1223 1090; x_wconf 89' lang='lat' dir='ltr'><strong>et</strong></span> <span class='ocrx_word' id='word_1_192' title='bbox 1237 1056 1290 1090; x_wconf 91' lang='lat' dir='ltr'><strong>vel</strong></span> <span class='ocrx_word' id='word_1_193' title='bbox 1306 1056 1423 1090; x_wconf 86' lang='lat' dir='ltr'><strong>iunctis</strong></span> <span class='ocrx_word' id='word_1_194' title='bbox 1438 1054 1572 1100; x_wconf 87' lang='lat' dir='ltr'><strong>pedibus</strong></span> 
     </span>
     <span class='ocr_line' id='line_1_47' title="bbox 368 1113 1575 1163; baseline -0.003 -11"><span class='ocrx_word' id='word_1_195' title='bbox 368 1119 475 1163; x_wconf 90' lang='lat' dir='ltr'><strong>spacia</strong></span> <span class='ocrx_word' id='word_1_196' title='bbox 498 1117 598 1162; x_wconf 85' lang='lat' dir='ltr'><strong>longa</strong></span> <span class='ocrx_word' id='word_1_197' title='bbox 620 1125 840 1161; x_wconf 87' lang='lat' dir='ltr'><strong>pertranseant</strong></span> <span class='ocrx_word' id='word_1_198' title='bbox 863 1115 915 1149; x_wconf 91' lang='lat' dir='ltr'><strong>vel</strong></span> <span class='ocrx_word' id='word_1_199' title='bbox 938 1124 1011 1159; x_wconf 91' lang='lat' dir='ltr'><strong>post</strong></span> <span class='ocrx_word' id='word_1_200' title='bbox 1034 1114 1153 1159; x_wconf 88' lang='lat' dir='ltr'><strong>aliquid</strong></span> <span class='ocrx_word' id='word_1_201' title='bbox 1170 1125 1280 1148; x_wconf 88' lang='lat' dir='ltr'><strong>cursus</strong></span> <span class='ocrx_word' id='word_1_202' title='bbox 1299 1125 1335 1148; x_wconf 87' lang='lat' dir='ltr'><strong>se</strong></span> <span class='ocrx_word' id='word_1_203' title='bbox 1359 1125 1428 1148; x_wconf 91' lang='lat' dir='ltr'><strong>non</strong></span> <span class='ocrx_word' id='word_1_204' title='bbox 1447 1113 1575 1148; x_wconf 85' lang='lat' dir='ltr'><strong>elevent</strong></span> 
     </span>
     <span class='ocr_line' id='line_1_48' title="bbox 370 1172 1577 1219; baseline -0.004 -8"><span class='ocrx_word' id='word_1_205' title='bbox 370 1177 487 1218; x_wconf 90' lang='lat' dir='ltr'><strong>solum,</strong></span> <span class='ocrx_word' id='word_1_206' title='bbox 500 1175 556 1209; x_wconf 92' lang='lat' dir='ltr'><strong>sed</strong></span> <span class='ocrx_word' id='word_1_207' title='bbox 567 1177 742 1209; x_wconf 90' lang='lat' dir='ltr'><strong>introrsum</strong></span> <span class='ocrx_word' id='word_1_208' title='bbox 754 1174 923 1219; x_wconf 89' lang='lat' dir='ltr'><strong>proiiciant</strong></span> <span class='ocrx_word' id='word_1_209' title='bbox 935 1183 966 1207; x_wconf 91' lang='lat' dir='ltr'><strong>et</strong></span> <span class='ocrx_word' id='word_1_210' title='bbox 977 1173 1125 1218; x_wconf 86' lang='lat' dir='ltr'><strong>agilitatis</strong></span> <span class='ocrx_word' id='word_1_211' title='bbox 1139 1185 1197 1207; x_wconf 92' lang='lat' dir='ltr'><strong>sue</strong></span> <span class='ocrx_word' id='word_1_212' title='bbox 1211 1173 1343 1217; x_wconf 84' lang='lat' dir='ltr'><strong>prolixis</strong></span> <span class='ocrx_word' id='word_1_213' title='bbox 1360 1172 1491 1207; x_wconf 87' lang='lat' dir='ltr'><strong>saltibus</strong></span> <span class='ocrx_word' id='word_1_214' title='bbox 1505 1183 1577 1217; x_wconf 86' lang='lat' dir='ltr'><strong>pre-</strong></span> 
     </span>
     <span class='ocr_line' id='line_1_49' title="bbox 371 1230 1576 1278; baseline -0.002 -9"><span class='ocrx_word' id='word_1_215' title='bbox 371 1236 467 1270; x_wconf 90' lang='lat' dir='ltr'><strong>beant</strong></span> <span class='ocrx_word' id='word_1_216' title='bbox 483 1243 683 1278; x_wconf 87' lang='lat' dir='ltr'><strong>argumenta.</strong></span> <span class='ocrx_word' id='word_1_217' title='bbox 730 1233 794 1277; x_wconf 85' lang='lat' dir='ltr'><strong>pila</strong></span> <span class='ocrx_word' id='word_1_218' title='bbox 806 1232 918 1267; x_wconf 87' lang='lat' dir='ltr'><strong>ludant</strong></span> <span class='ocrx_word' id='word_1_219' title='bbox 933 1232 986 1266; x_wconf 91' lang='lat' dir='ltr'><strong>alii</strong></span> <span class='ocrx_word' id='word_1_220' title='bbox 1001 1241 1033 1266; x_wconf 90' lang='lat' dir='ltr'><strong>et</strong></span> <span class='ocrx_word' id='word_1_221' title='bbox 1044 1231 1156 1266; x_wconf 91' lang='lat' dir='ltr'><strong>subitis</strong></span> <span class='ocrx_word' id='word_1_222' title='bbox 1171 1231 1306 1266; x_wconf 83' lang='lat' dir='ltr'><strong>flexibus</strong></span> <span class='ocrx_word' id='word_1_223' title='bbox 1323 1231 1410 1265; x_wconf 89' lang='lat' dir='ltr'><strong>illam</strong></span> <span class='ocrx_word' id='word_1_224' title='bbox 1426 1230 1576 1266; x_wconf 72' lang='lat' dir='ltr'><strong>manibus</strong></span> 
     </span>
     <span class='ocr_line' id='line_1_50' title="bbox 372 1289 1574 1336; baseline -0.003 -9"><span class='ocrx_word' id='word_1_225' title='bbox 372 1293 480 1327; x_wconf 90' lang='lat' dir='ltr'><strong>medio</strong></span> <span class='ocrx_word' id='word_1_226' title='bbox 494 1292 659 1326; x_wconf 89' lang='lat' dir='ltr'><strong>volantem</strong></span> <span class='ocrx_word' id='word_1_227' title='bbox 672 1303 743 1326; x_wconf 85' lang='lat' dir='ltr'><strong>aere</strong></span> <span class='ocrx_word' id='word_1_228' title='bbox 754 1290 962 1336; x_wconf 86' lang='lat' dir='ltr'><strong>repercellant</strong></span> <span class='ocrx_word' id='word_1_229' title='bbox 977 1299 1197 1335; x_wconf 87' lang='lat' dir='ltr'><strong>conenturque</strong></span> <span class='ocrx_word' id='word_1_230' title='bbox 1213 1289 1431 1324; x_wconf 88' lang='lat' dir='ltr'><strong>colludentem</strong></span> <span class='ocrx_word' id='word_1_231' title='bbox 1446 1290 1574 1324; x_wconf 88' lang='lat' dir='ltr'><strong>socium</strong></span> 
     </span>
     <span class='ocr_line' id='line_1_51' title="bbox 372 1348 1576 1396; baseline -0.002 -10"><span class='ocrx_word' id='word_1_232' title='bbox 372 1363 537 1396; x_wconf 80' lang='lat' dir='ltr'><strong>superare3</strong></span> <span class='ocrx_word' id='word_1_233' title='bbox 562 1350 704 1395; x_wconf 87' lang='lat' dir='ltr'><strong>lapidum</strong></span> <span class='ocrx_word' id='word_1_234' title='bbox 733 1349 866 1383; x_wconf 88' lang='lat' dir='ltr'><strong>iactibus</strong></span> <span class='ocrx_word' id='word_1_235' title='bbox 891 1358 922 1383; x_wconf 90' lang='lat' dir='ltr'><strong>et</strong></span> <span class='ocrx_word' id='word_1_236' title='bbox 946 1349 1118 1383; x_wconf 87' lang='lat' dir='ltr'><strong>ferrearum</strong></span> <span class='ocrx_word' id='word_1_237' title='bbox 1145 1348 1283 1382; x_wconf 87' lang='lat' dir='ltr'><strong>trabium</strong></span> <span class='ocrx_word' id='word_1_238' title='bbox 1310 1348 1517 1382; x_wconf 85' lang='lat' dir='ltr'><strong>missionibus</strong></span> <span class='ocrx_word' id='word_1_239' title='bbox 1540 1359 1576 1383; x_wconf 83' lang='lat' dir='ltr'><strong>se</strong></span> 
     </span>
     <span class='ocr_line' id='line_1_52' title="bbox 374 1406 1579 1452; baseline -0.003 -8"><span class='ocrx_word' id='word_1_240' title='bbox 374 1419 543 1444; x_wconf 87' lang='lat' dir='ltr'><strong>exerceant</strong></span> <span class='ocrx_word' id='word_1_241' title='bbox 563 1409 615 1443; x_wconf 87' lang='lat' dir='ltr'><strong>alii</strong></span> <span class='ocrx_word' id='word_1_242' title='bbox 634 1409 802 1452; x_wconf 90' lang='lat' dir='ltr'><strong>multoque</strong></span> <span class='ocrx_word' id='word_1_243' title='bbox 825 1420 900 1442; x_wconf 87' lang='lat' dir='ltr'><strong>cum</strong></span> <span class='ocrx_word' id='word_1_244' title='bbox 924 1407 1042 1441; x_wconf 90' lang='lat' dir='ltr'><strong>sudore</strong></span> <span class='ocrx_word' id='word_1_245' title='bbox 1061 1416 1132 1441; x_wconf 89' lang='lat' dir='ltr'><strong>tum</strong></span> <span class='ocrx_word' id='word_1_246' title='bbox 1156 1406 1323 1441; x_wconf 82' lang='lat' dir='ltr'><strong>venatibus</strong></span> <span class='ocrx_word' id='word_1_247' title='bbox 1342 1415 1413 1441; x_wconf 83' lang='lat' dir='ltr'><strong>tum</strong></span> <span class='ocrx_word' id='word_1_248' title='bbox 1437 1406 1579 1452; x_wconf 88' lang='lat' dir='ltr'><strong>aucupiis</strong></span> 
     </span>
     <span class='ocr_line' id='line_1_53' title="bbox 374 1465 1580 1515; baseline -0.002 -12"><span class='ocrx_word' id='word_1_249' title='bbox 374 1469 547 1515; x_wconf 88' lang='lat' dir='ltr'><strong>fatigentur</strong></span> <span class='ocrx_word' id='word_1_250' title='bbox 558 1478 590 1502; x_wconf 91' lang='lat' dir='ltr'><strong>et</strong></span> <span class='ocrx_word' id='word_1_251' title='bbox 604 1479 798 1512; x_wconf 87' lang='lat' dir='ltr'><strong>quocunque</strong></span> <span class='ocrx_word' id='word_1_252' title='bbox 817 1478 988 1511; x_wconf 90' lang='lat' dir='ltr'><strong>corporum</strong></span> <span class='ocrx_word' id='word_1_253' title='bbox 1007 1466 1114 1499; x_wconf 89' lang='lat' dir='ltr'><strong>labore</strong></span> <span class='ocrx_word' id='word_1_254' title='bbox 1139 1465 1346 1506; x_wconf 87' lang='lat' dir='ltr'><strong>delectentur,</strong></span> <span class='ocrx_word' id='word_1_255' title='bbox 1371 1473 1580 1500; x_wconf 81' lang='lat' dir='ltr'><strong>exerceantur</strong></span> 
     </span>
     <span class='ocr_line' id='line_1_54' title="bbox 375 1523 1578 1571; baseline -0.004 -9"><span class='ocrx_word' id='word_1_256' title='bbox 375 1538 406 1563; x_wconf 92' lang='lat' dir='ltr'><strong>et</strong></span> <span class='ocrx_word' id='word_1_257' title='bbox 422 1527 565 1561; x_wconf 88' lang='lat' dir='ltr'><strong>vividam</strong></span> <span class='ocrx_word' id='word_1_258' title='bbox 584 1526 748 1571; x_wconf 87' lang='lat' dir='ltr'><strong>exagitent</strong></span> <span class='ocrx_word' id='word_1_259' title='bbox 766 1526 979 1559; x_wconf 88' lang='lat' dir='ltr'><strong>iuventutem.</strong></span> <span class='ocrx_word' id='word_1_260' title='bbox 1027 1536 1120 1558; x_wconf 90' lang='lat' dir='ltr'><strong>meus</strong></span> <span class='ocrx_word' id='word_1_261' title='bbox 1141 1534 1248 1558; x_wconf 88' lang='lat' dir='ltr'><strong>autem</strong></span> <span class='ocrx_word' id='word_1_262' title='bbox 1265 1523 1451 1558; x_wconf 86' lang='lat' dir='ltr'><strong>Ludovicus</strong></span> <span class='ocrx_word' id='word_1_263' title='bbox 1469 1535 1578 1564; x_wconf 87' lang='lat' dir='ltr'><strong>sensu,</strong></span> 
     </span>
     <span class='ocr_line' id='line_1_55' title="bbox 376 1581 1580 1628; baseline -0.003 -8"><span class='ocrx_word' id='word_1_264' title='bbox 376 1598 443 1620; x_wconf 90' lang='lat' dir='ltr'><strong>non</strong></span> <span class='ocrx_word' id='word_1_265' title='bbox 467 1585 599 1626; x_wconf 89' lang='lat' dir='ltr'><strong>viribus,</strong></span> <span class='ocrx_word' id='word_1_266' title='bbox 623 1594 742 1626; x_wconf 88' lang='lat' dir='ltr'><strong>mente,</strong></span> <span class='ocrx_word' id='word_1_267' title='bbox 763 1596 831 1618; x_wconf 92' lang='lat' dir='ltr'><strong>non</strong></span> <span class='ocrx_word' id='word_1_268' title='bbox 855 1595 990 1628; x_wconf 90' lang='lat' dir='ltr'><strong>corpore</strong></span> <span class='ocrx_word' id='word_1_269' title='bbox 1013 1584 1132 1628; x_wconf 84' lang='lat' dir='ltr'><strong>vigeat,</strong></span> <span class='ocrx_word' id='word_1_270' title='bbox 1147 1591 1331 1617; x_wconf 86' lang='lat' dir='ltr'><strong>exerceatur</strong></span> <span class='ocrx_word' id='word_1_271' title='bbox 1349 1591 1382 1616; x_wconf 90' lang='lat' dir='ltr'><strong>et</strong></span> <span class='ocrx_word' id='word_1_272' title='bbox 1396 1581 1580 1617; x_wconf 86' lang='lat' dir='ltr'><strong>delectetur.</strong></span> 
     </span>
    </p>

    <p class='ocr_par' dir='ltr' id='par_1_13' title="bbox 377 1639 1586 2038">
     <span class='ocr_line' id='line_1_56' title="bbox 446 1639 1581 1688; baseline -0.003 -10"><span class='ocrx_word' id='word_1_273' title='bbox 446 1644 570 1679; x_wconf 89' lang='lat' dir='ltr'><strong>Omnia</strong></span> <span class='ocrx_word' id='word_1_274' title='bbox 589 1643 720 1688; x_wconf 88' lang='lat' dir='ltr'><strong>quidem</strong></span> <span class='ocrx_word' id='word_1_275' title='bbox 739 1642 801 1683; x_wconf 90' lang='lat' dir='ltr'><strong>illa,</strong></span> <span class='ocrx_word' id='word_1_276' title='bbox 821 1654 884 1687; x_wconf 87' lang='lat' dir='ltr'><strong>que</strong></span> <span class='ocrx_word' id='word_1_277' title='bbox 905 1653 1020 1686; x_wconf 89' lang='lat' dir='ltr'><strong>corpus</strong></span> <span class='ocrx_word' id='word_1_278' title='bbox 1039 1642 1212 1686; x_wconf 89' lang='lat' dir='ltr'><strong>respiciunt</strong></span> <span class='ocrx_word' id='word_1_279' title='bbox 1231 1651 1263 1675; x_wconf 92' lang='lat' dir='ltr'><strong>et</strong></span> <span class='ocrx_word' id='word_1_280' title='bbox 1283 1639 1581 1686; x_wconf 63' lang='lat' dir='ltr'><strong>corporibus-fiunt,</strong></span> 
     </span>
     <span class='ocr_line' id='line_1_57' title="bbox 377 1699 1582 1745; baseline -0.003 -9"><span class='ocrx_word' id='word_1_281' title='bbox 377 1703 464 1736; x_wconf 86' lang='lat' dir='ltr'><strong>fluxa</strong></span> <span class='ocrx_word' id='word_1_282' title='bbox 476 1711 550 1736; x_wconf 91' lang='lat' dir='ltr'><strong>sunt</strong></span> <span class='ocrx_word' id='word_1_283' title='bbox 562 1711 593 1735; x_wconf 91' lang='lat' dir='ltr'><strong>et</strong></span> <span class='ocrx_word' id='word_1_284' title='bbox 607 1701 821 1745; x_wconf 84' lang='lat' dir='ltr'><strong>corruptibilia</strong></span> <span class='ocrx_word' id='word_1_285' title='bbox 835 1699 1074 1744; x_wconf 89' lang='lat' dir='ltr'><strong>corruptibilem</strong></span> <span class='ocrx_word' id='word_1_286' title='bbox 1083 1709 1272 1734; x_wconf 87' lang='lat' dir='ltr'><strong>attestantur</strong></span> <span class='ocrx_word' id='word_1_287' title='bbox 1284 1709 1459 1733; x_wconf 89' lang='lat' dir='ltr'><strong>auctorem.</strong></span> <span class='ocrx_word' id='word_1_288' title='bbox 1489 1709 1582 1732; x_wconf 89' lang='lat' dir='ltr'><strong>mens</strong></span> 
     </span>
     <span class='ocr_line' id='line_1_58' title="bbox 379 1756 1582 1803; baseline -0.003 -8"><span class='ocrx_word' id='word_1_289' title='bbox 379 1771 487 1795; x_wconf 89' lang='lat' dir='ltr'><strong>autem</strong></span> <span class='ocrx_word' id='word_1_290' title='bbox 511 1770 620 1794; x_wconf 89' lang='lat' dir='ltr'><strong>eterna</strong></span> <span class='ocrx_word' id='word_1_291' title='bbox 643 1769 692 1793; x_wconf 93' lang='lat' dir='ltr'><strong>est</strong></span> <span class='ocrx_word' id='word_1_292' title='bbox 715 1769 746 1793; x_wconf 91' lang='lat' dir='ltr'><strong>et</strong></span> <span class='ocrx_word' id='word_1_293' title='bbox 770 1758 968 1793; x_wconf 90' lang='lat' dir='ltr'><strong>immortales</strong></span> <span class='ocrx_word' id='word_1_294' title='bbox 992 1768 1086 1803; x_wconf 90' lang='lat' dir='ltr'><strong>atque</strong></span> <span class='ocrx_word' id='word_1_295' title='bbox 1109 1758 1336 1799; x_wconf 89' lang='lat' dir='ltr'><strong>immutabiles,</strong></span> <span class='ocrx_word' id='word_1_296' title='bbox 1360 1756 1468 1792; x_wconf 89' lang='lat' dir='ltr'><strong>studio</strong></span> <span class='ocrx_word' id='word_1_297' title='bbox 1486 1767 1582 1803; x_wconf 85' lang='lat' dir='ltr'><strong>atque</strong></span> 
     </span>
     <span class='ocr_line' id='line_1_59' title="bbox 378 1817 1584 1864; baseline -0.003 -10"><span class='ocrx_word' id='word_1_298' title='bbox 378 1820 533 1854; x_wconf 91' lang='lat' dir='ltr'><strong>industria</strong></span> <span class='ocrx_word' id='word_1_299' title='bbox 555 1831 589 1853; x_wconf 92' lang='lat' dir='ltr'><strong>se</strong></span> <span class='ocrx_word' id='word_1_300' title='bbox 613 1818 792 1864; x_wconf 85' lang='lat' dir='ltr'><strong>perficiens,</strong></span> <span class='ocrx_word' id='word_1_301' title='bbox 809 1817 992 1863; x_wconf 88' lang='lat' dir='ltr'><strong>adipiscitur</strong></span> <span class='ocrx_word' id='word_1_302' title='bbox 1010 1818 1168 1857; x_wconf 81' lang='lat' dir='ltr'><strong>veritates,</strong></span> <span class='ocrx_word' id='word_1_303' title='bbox 1182 1829 1280 1862; x_wconf 86' lang='lat' dir='ltr'><strong>quam</strong></span> <span class='ocrx_word' id='word_1_304' title='bbox 1308 1817 1413 1851; x_wconf 90' lang='lat' dir='ltr'><strong>colere</strong></span> <span class='ocrx_word' id='word_1_305' title='bbox 1440 1817 1584 1851; x_wconf 87' lang='lat' dir='ltr'><strong>maxima</strong></span> 
     </span>
     <span class='ocr_line' id='line_1_60' title="bbox 379 1875 1583 1923; baseline -0.003 -11"><span class='ocrx_word' id='word_1_306' title='bbox 379 1878 543 1923; x_wconf 89' lang='lat' dir='ltr'><strong>prelibatio</strong></span> <span class='ocrx_word' id='word_1_307' title='bbox 567 1877 772 1911; x_wconf 87' lang='lat' dir='ltr'><strong>beatitudinis</strong></span> <span class='ocrx_word' id='word_1_308' title='bbox 803 1886 910 1910; x_wconf 90' lang='lat' dir='ltr'><strong>eterne</strong></span> <span class='ocrx_word' id='word_1_309' title='bbox 934 1886 991 1916; x_wconf 91' lang='lat' dir='ltr'><strong>est,</strong></span> <span class='ocrx_word' id='word_1_310' title='bbox 1016 1875 1195 1910; x_wconf 89' lang='lat' dir='ltr'><strong>secundum</strong></span> <span class='ocrx_word' id='word_1_311' title='bbox 1218 1886 1317 1920; x_wconf 87' lang='lat' dir='ltr'><strong>quam</strong></span> <span class='ocrx_word' id='word_1_312' title='bbox 1340 1876 1463 1920; x_wconf 89' lang='lat' dir='ltr'><strong>operari</strong></span> <span class='ocrx_word' id='word_1_313' title='bbox 1486 1875 1583 1909; x_wconf 86' lang='lat' dir='ltr'><strong>vivax</strong></span> 
     </span>
     <span class='ocr_line' id='line_1_61' title="bbox 381 1932 1586 1982; baseline -0.003 -11"><span class='ocrx_word' id='word_1_314' title='bbox 381 1937 500 1982; x_wconf 89' lang='lat' dir='ltr'><strong>aliquid</strong></span> <span class='ocrx_word' id='word_1_315' title='bbox 525 1936 649 1970; x_wconf 91' lang='lat' dir='ltr'><strong>efficere</strong></span> <span class='ocrx_word' id='word_1_316' title='bbox 673 1945 730 1970; x_wconf 89' lang='lat' dir='ltr'><strong>est.</strong></span> <span class='ocrx_word' id='word_1_317' title='bbox 777 1947 854 1970; x_wconf 91' lang='lat' dir='ltr'><strong>nam</strong></span> <span class='ocrx_word' id='word_1_318' title='bbox 885 1935 1012 1969; x_wconf 88' lang='lat' dir='ltr'><strong>tametsi</strong></span> <span class='ocrx_word' id='word_1_319' title='bbox 1031 1935 1182 1979; x_wconf 89' lang='lat' dir='ltr'><strong>perierint</strong></span> <span class='ocrx_word' id='word_1_320' title='bbox 1211 1943 1243 1968; x_wconf 91' lang='lat' dir='ltr'><strong>et</strong></span> <span class='ocrx_word' id='word_1_321' title='bbox 1265 1934 1402 1979; x_wconf 89' lang='lat' dir='ltr'><strong>peritura</strong></span> <span class='ocrx_word' id='word_1_322' title='bbox 1427 1934 1493 1968; x_wconf 91' lang='lat' dir='ltr'><strong>sint</strong></span> <span class='ocrx_word' id='word_1_323' title='bbox 1512 1932 1586 1967; x_wconf 88' lang='lat' dir='ltr'><strong>infi-</strong></span> 
     </span>
     <span class='ocr_line' id='line_1_62' title="bbox 381 1993 1581 2038; baseline -0.003 -8"><span class='ocrx_word' id='word_1_324' title='bbox 381 1997 448 2030; x_wconf 86' lang='lat' dir='ltr'><strong>nita</strong></span> <span class='ocrx_word' id='word_1_325' title='bbox 471 1996 644 2030; x_wconf 81' lang='lat' dir='ltr'><strong>litterarum</strong></span> <span class='ocrx_word' id='word_1_326' title='bbox 679 2004 711 2028; x_wconf 92' lang='lat' dir='ltr'><strong>et</strong></span> <span class='ocrx_word' id='word_1_327' title='bbox 743 1993 930 2028; x_wconf 86' lang='lat' dir='ltr'><strong>eruditionis</strong></span> <span class='ocrx_word' id='word_1_328' title='bbox 953 1994 1022 2027; x_wconf 91' lang='lat' dir='ltr'><strong>sive</strong></span> <span class='ocrx_word' id='word_1_329' title='bbox 1045 1993 1272 2037; x_wconf 89' lang='lat' dir='ltr'><strong>speculationis</strong></span> <span class='ocrx_word' id='word_1_330' title='bbox 1296 2004 1404 2038; x_wconf 89' lang='lat' dir='ltr'><strong>opera,</strong></span> <span class='ocrx_word' id='word_1_331' title='bbox 1426 2002 1497 2026; x_wconf 89' lang='lat' dir='ltr'><strong>tum</strong></span> <span class='ocrx_word' id='word_1_332' title='bbox 1511 2003 1581 2026; x_wconf 87' lang='lat' dir='ltr'><strong>cor-</strong></span> 
     </span>
    </p>
   </div>
   <div class='ocr_carea' id='block_1_12' title="bbox 386 2101 915 2175">
    <p class='ocr_par' dir='ltr' id='par_1_14' title="bbox 386 2101 915 2175">
     <span class='ocr_line' id='line_1_63' title="bbox 436 2101 915 2132; baseline -0.004 -6"><span class='ocrx_word' id='word_1_333' title='bbox 436 2104 457 2126; x_wconf 88' lang='lat'><strong>6.</strong></span> <span class='ocrx_word' id='word_1_334' title='bbox 474 2102 506 2126; x_wconf 61' lang='grc' dir='ltr'><strong>Νι</strong></span> <span class='ocrx_word' id='word_1_335' title='bbox 522 2110 658 2126; x_wconf 81' lang='lat' dir='ltr'><strong>concurrere</strong></span> <span class='ocrx_word' id='word_1_336' title='bbox 712 2109 734 2132; x_wconf 86' lang='lat'><strong>7.</strong></span> <span class='ocrx_word' id='word_1_337' title='bbox 750 2101 783 2125; x_wconf 88' lang='lat' dir='ltr'><strong>N¹</strong></span> <span class='ocrx_word' id='word_1_338' title='bbox 799 2106 874 2124; x_wconf 72' lang='lat' dir='ltr'><strong>atreus</strong></span> <span class='ocrx_word' id='word_1_339' title='bbox 881 2103 915 2130; x_wconf 74' lang='grc' dir='ltr'><strong>(Ρ)</strong></span> 
     </span>
     <span class='ocr_line' id='line_1_64' title="bbox 386 2144 822 2175; baseline -0.005 -7"><span class='ocrx_word' id='word_1_340' title='bbox 386 2152 464 2175; x_wconf 84' lang='lat'><strong>14-15.</strong></span> <span class='ocrx_word' id='word_1_341' title='bbox 480 2144 513 2167; x_wconf 73' lang='grc' dir='ltr'><strong>ΝΙ</strong></span> <span class='ocrx_word' id='word_1_342' title='bbox 528 2152 552 2167; x_wconf 74' lang='lat' dir='ltr'><strong>se</strong></span> <span class='ocrx_word' id='word_1_343' title='bbox 566 2145 609 2168; x_wconf 77' lang='lat' dir='ltr'><strong>sol.</strong></span> <span class='ocrx_word' id='word_1_344' title='bbox 624 2150 669 2167; x_wconf 85' lang='lat' dir='ltr'><strong>non</strong></span> <span class='ocrx_word' id='word_1_345' title='bbox 683 2144 753 2166; x_wconf 78' lang='lat' dir='ltr'><strong>eleu&#39;it</strong></span> <span class='ocrx_word' id='word_1_346' title='bbox 766 2144 822 2172; x_wconf 72' lang='lat' dir='ltr'><strong>(stc)</strong></span> 
     </span>
    </p>
   </div>
   <div class='ocr_carea' id='block_1_13' title="bbox 383 2097 1587 2216">
    <p class='ocr_par' dir='ltr' id='par_1_15' title="bbox 383 2097 1587 2216">
     <span class='ocr_line' id='line_1_65' title="bbox 972 2097 1587 2128; baseline -0.003 -4"><span class='ocrx_word' id='word_1_347' title='bbox 972 2102 994 2124; x_wconf 92' lang='lat'><strong>8.</strong></span> <span class='ocrx_word' id='word_1_348' title='bbox 1010 2101 1046 2124; x_wconf 84' lang='lat' dir='ltr'><strong>Me</strong></span> <span class='ocrx_word' id='word_1_349' title='bbox 1059 2101 1166 2123; x_wconf 82' lang='lat' dir='ltr'><strong>divorum</strong></span> <span class='ocrx_word' id='word_1_350' title='bbox 1179 2107 1192 2123; x_wconf 83' lang='lat' dir='ltr'><strong>e</strong></span> <span class='ocrx_word' id='word_1_351' title='bbox 1205 2099 1330 2128; x_wconf 82' lang='lat' dir='ltr'><strong>cornuped.</strong></span> <span class='ocrx_word' id='word_1_352' title='bbox 1387 2105 1420 2121; x_wconf 84' lang='lat' dir='ltr'><strong>n.</strong></span> <span class='ocrx_word' id='word_1_353' title='bbox 1430 2097 1465 2121; x_wconf 69' lang='grc' dir='ltr'><strong>ΝῘ</strong></span> <span class='ocrx_word' id='word_1_354' title='bbox 1474 2098 1587 2122; x_wconf 72' lang='lat' dir='ltr'><strong>insedeat.</strong></span> 
     </span>
     <span class='ocr_line' id='line_1_66' title="bbox 895 2138 1582 2173; baseline -0.004 -7"><span class='ocrx_word' id='word_1_355' title='bbox 895 2150 930 2173; x_wconf 85' lang='lat'><strong>¹5-</strong></span> <span class='ocrx_word' id='word_1_356' title='bbox 943 2142 1014 2165; x_wconf 73' lang='lat' dir='ltr'><strong>UN¹</strong></span> <span class='ocrx_word' id='word_1_357' title='bbox 1030 2147 1157 2165; x_wconf 67' lang='lat' dir='ltr'><strong>nnuorsum</strong></span> <span class='ocrx_word' id='word_1_358' title='bbox 1215 2142 1246 2164; x_wconf 85' lang='lat'><strong>¹6.</strong></span> <span class='ocrx_word' id='word_1_359' title='bbox 1261 2140 1291 2163; x_wconf 76' lang='lat' dir='ltr'><strong>l)</strong></span> <span class='ocrx_word' id='word_1_360' title='bbox 1300 2139 1332 2163; x_wconf 85' lang='lat' dir='ltr'><strong>N¹</strong></span> <span class='ocrx_word' id='word_1_361' title='bbox 1348 2140 1440 2164; x_wconf 67' lang='lat' dir='ltr'><strong>laudant</strong></span> <span class='ocrx_word' id='word_1_362' title='bbox 1496 2145 1533 2167; x_wconf 88' lang='lat'><strong>17.</strong></span> <span class='ocrx_word' id='word_1_363' title='bbox 1546 2138 1582 2163; x_wconf 62' lang='lat'><strong>⁸¹</strong></span> 
     </span>
     <span class='ocr_line' id='line_1_67' title="bbox 383 2181 1585 2216; baseline -0.005 -7"><span class='ocrx_word' id='word_1_364' title='bbox 383 2189 469 2209; x_wconf 78' lang='lat' dir='ltr'><strong>omette</strong></span> <span class='ocrx_word' id='word_1_365' title='bbox 483 2193 528 2216; x_wconf 84' lang='lat' dir='ltr'><strong>que</strong></span> <span class='ocrx_word' id='word_1_366' title='bbox 542 2186 602 2214; x_wconf 82' lang='lat' dir='ltr'><strong>dopo</strong></span> <span class='ocrx_word' id='word_1_367' title='bbox 615 2189 707 2208; x_wconf 86' lang='lat' dir='ltr'><strong>conent.</strong></span> <span class='ocrx_word' id='word_1_368' title='bbox 781 2185 816 2208; x_wconf 83' lang='lat'><strong>18.</strong></span> <span class='ocrx_word' id='word_1_369' title='bbox 833 2183 866 2207; x_wconf 80' lang='lat' dir='ltr'><strong>N¹</strong></span> <span class='ocrx_word' id='word_1_370' title='bbox 881 2183 975 2207; x_wconf 62' lang='lat' dir='ltr'><strong>immin.</strong></span> <span class='ocrx_word' id='word_1_371' title='bbox 1044 2189 1079 2206; x_wconf 65' lang='grc' dir='ltr'><strong>ιι.</strong></span> <span class='ocrx_word' id='word_1_372' title='bbox 1094 2182 1124 2205; x_wconf 61' lang='grc' dir='ltr'><strong>[Δ</strong></span> <span class='ocrx_word' id='word_1_373' title='bbox 1139 2182 1238 2205; x_wconf 74' lang='grc' dir='ltr'><strong>ἰηιιίὼιιι</strong></span> <span class='ocrx_word' id='word_1_374' title='bbox 1253 2189 1266 2204; x_wconf 88' lang='lat' dir='ltr'><strong>e</strong></span> <span class='ocrx_word' id='word_1_375' title='bbox 1279 2183 1303 2204; x_wconf 73' lang='lat' dir='ltr'><strong>1ae</strong></span> <span class='ocrx_word' id='word_1_376' title='bbox 1314 2181 1388 2210; x_wconf 69' lang='lat' dir='ltr'><strong>finale</strong></span> <span class='ocrx_word' id='word_1_377' title='bbox 1399 2187 1437 2204; x_wconf 71' lang='lat' dir='ltr'><strong>nm</strong></span> <span class='ocrx_word' id='word_1_378' title='bbox 1451 2181 1476 2203; x_wconf 71' lang='grc' dir='ltr'><strong>ι’·</strong></span> <span class='ocrx_word' id='word_1_379' title='bbox 1489 2186 1585 2204; x_wconf 66' lang='lat' dir='ltr'><strong>rasura.</strong></span> 
     </span>
    </p>
   </div>
   <div class='ocr_carea' id='block_1_14' title="bbox 385 2219 1586 2294">
    <p class='ocr_par' dir='ltr' id='par_1_16' title="bbox 385 2219 1586 2294">
     <span class='ocr_line' id='line_1_68' title="bbox 385 2219 1586 2256; baseline -0.004 -7"><span class='ocrx_word' id='word_1_380' title='bbox 385 2234 424 2256; x_wconf 83' lang='lat'><strong>²4·</strong></span> <span class='ocrx_word' id='word_1_381' title='bbox 435 2227 472 2250; x_wconf 87' lang='lat' dir='ltr'><strong>Me</strong></span> <span class='ocrx_word' id='word_1_382' title='bbox 488 2226 545 2249; x_wconf 78' lang='lat' dir='ltr'><strong>flexa</strong></span> <span class='ocrx_word' id='word_1_383' title='bbox 613 2232 650 2255; x_wconf 83' lang='lat'><strong>²⁵·</strong></span> <span class='ocrx_word' id='word_1_384' title='bbox 667 2226 703 2248; x_wconf 83' lang='lat' dir='ltr'><strong>Me</strong></span> <span class='ocrx_word' id='word_1_385' title='bbox 717 2225 850 2248; x_wconf 77' lang='lat' dir='ltr'><strong>immomlis</strong></span> <span class='ocrx_word' id='word_1_386' title='bbox 863 2231 884 2247; x_wconf 81' lang='lat' dir='ltr'><strong>a.</strong></span> <span class='ocrx_word' id='word_1_387' title='bbox 898 2224 1045 2248; x_wconf 66' lang='lat' dir='ltr'><strong>immutabilis</strong></span> <span class='ocrx_word' id='word_1_388' title='bbox 1086 2222 1119 2246; x_wconf 71' lang='lat' dir='ltr'><strong>N·</strong></span> <span class='ocrx_word' id='word_1_389' title='bbox 1133 2223 1164 2246; x_wconf 70' lang='lat' dir='ltr'><strong>da</strong></span> <span class='ocrx_word' id='word_1_390' title='bbox 1178 2222 1254 2246; x_wconf 74' lang='lat' dir='ltr'><strong>studio</strong></span> <span class='ocrx_word' id='word_1_391' title='bbox 1267 2223 1378 2252; x_wconf 74' lang='lat' dir='ltr'><strong>ripemo.</strong></span> <span class='ocrx_word' id='word_1_392' title='bbox 1440 2221 1475 2245; x_wconf 71' lang='lat'><strong>2⁶.</strong></span> <span class='ocrx_word' id='word_1_393' title='bbox 1488 2219 1523 2244; x_wconf 70' lang='grc' dir='ltr'><strong>Νῐ</strong></span> <span class='ocrx_word' id='word_1_394' title='bbox 1538 2227 1586 2244; x_wconf 76' lang='lat' dir='ltr'><strong>ver.</strong></span> 
     </span>
     <span class='ocr_line' id='line_1_69' title="bbox 385 2265 655 2294; baseline 0 -7"><span class='ocrx_word' id='word_1_395' title='bbox 385 2265 445 2294; x_wconf 77' lang='lat' dir='ltr'><strong>adip.</strong></span> <span class='ocrx_word' id='word_1_396' title='bbox 484 2266 521 2288; x_wconf 86' lang='lat' dir='ltr'><strong>Me</strong></span> <span class='ocrx_word' id='word_1_397' title='bbox 535 2265 655 2288; x_wconf 83' lang='lat' dir='ltr'><strong>veritatem</strong></span> 
     </span>
    </p>
   </div>
   <div class='ocr_carea' id='block_1_15' title="bbox 422 2346 1250 2451">
    <p class='ocr_par' dir='ltr' id='par_1_17' title="bbox 422 2346 1250 2451">
     <span class='ocr_line' id='line_1_70' title="bbox 422 2346 909 2397; baseline -0.006 -8"><span class='ocrx_word' id='word_1_398' title='bbox 422 2361 464 2397; x_wconf 85' lang='lat'><strong>(1)</strong></span> <span class='ocrx_word' id='word_1_399' title='bbox 484 2361 528 2389; x_wconf 82' lang='lat' dir='ltr'><strong>Cf.</strong></span> <span class='ocrx_word' id='word_1_400' title='bbox 547 2361 638 2389; x_wconf 75' lang='lat' dir='ltr'>VERG.</span> <span class='ocrx_word' id='word_1_401' title='bbox 654 2362 718 2389; x_wconf 74' lang='lat' dir='ltr'><strong>Aen.</strong></span> <span class='ocrx_word' id='word_1_402' title='bbox 732 2361 779 2394; x_wconf 90' lang='lat' dir='ltr'><strong>VI,</strong></span> <span class='ocrx_word' id='word_1_403' title='bbox 793 2360 860 2388; x_wconf 85' lang='lat'><strong>882:</strong></span> <span class='ocrx_word' id='word_1_404' title='bbox 906 2346 909 2347; x_wconf 28' lang='lat'><em>⁷</em></span> 
     </span>
     <span class='ocr_line' id='line_1_71' title="bbox 695 2421 1250 2451; baseline -0.004 -7"><span class='ocrx_word' id='word_1_405' title='bbox 695 2423 736 2444; x_wconf 80' lang='lat' dir='ltr'><strong>Seu</strong></span> <span class='ocrx_word' id='word_1_406' title='bbox 749 2424 864 2450; x_wconf 64' lang='lat' dir='ltr'><strong>spumantis</strong></span> <span class='ocrx_word' id='word_1_407' title='bbox 877 2423 924 2451; x_wconf 76' lang='lat' dir='ltr'><strong>equi</strong></span> <span class='ocrx_word' id='word_1_408' title='bbox 938 2422 1032 2443; x_wconf 77' lang='lat' dir='ltr'><strong>foderent</strong></span> <span class='ocrx_word' id='word_1_409' title='bbox 1046 2421 1160 2443; x_wconf 60' lang='lat' dir='ltr'><strong>calcaribus</strong></span> <span class='ocrx_word' id='word_1_410' title='bbox 1171 2427 1250 2443; x_wconf 70' lang='lat' dir='ltr'><strong>amon.</strong></span> 
     </span>
    </p>
   </div>
   <div class='ocr_carea' id='block_1_16' title="bbox 1602 887 1643 911">
    <p class='ocr_par' dir='ltr' id='par_1_18' title="bbox 1602 887 1643 911">
     <span class='ocr_line' id='line_1_72' title="bbox 1602 887 1643 911; baseline 0 0"><span class='ocrx_word' id='word_1_411' title='bbox 1602 887 1643 911; x_wconf 84' lang='lat'><strong>10</strong></span> 
     </span>
    </p>
   </div>
   <div class='ocr_carea' id='block_1_17' title="bbox 1608 1178 1644 1212">
    <p class='ocr_par' dir='ltr' id='par_1_19' title="bbox 1608 1178 1644 1212">
     <span class='ocr_line' id='line_1_73' title="bbox 1608 1178 1644 1212; baseline 0 0"><span class='ocrx_word' id='word_1_412' title='bbox 1608 1178 1644 1212; x_wconf 84' lang='lat'><strong>¹5</strong></span> 
     </span>
    </p>
   </div>
   <div class='ocr_carea' id='block_1_18' title="bbox 1610 1767 1651 1801">
    <p class='ocr_par' dir='ltr' id='par_1_20' title="bbox 1610 1767 1651 1801">
     <span class='ocr_line' id='line_1_74' title="bbox 1610 1767 1651 1801; baseline 0 0"><span class='ocrx_word' id='word_1_413' title='bbox 1610 1767 1651 1801; x_wconf 85' lang='lat'><strong>25</strong></span> 
     </span>
    </p>
   </div>
  </div>
 </body>
</html>
