1682 2762
94 862 134 886 10

92 1154 128 1187 ¹5

85 1443 128 1467 20

84 1735 123 1768 25

83 2025 126 2059 30

446 198 494 226 DI
527 199 790 228 cotuccio
822 199 1096 230 SALUTAT1.
1301 205 1363 239 579

165 334 199 360 ut
227 325 296 359 sine
325 326 529 359 cunctatione
553 326 652 360 tutius
671 327 721 367 sit,
745 336 916 371 postquam
941 327 1058 372 aliquid
1082 329 1116 362 in
1140 328 1247 373 legem
1273 339 1363 362 com-

163 384 302 425 miseris,
325 393 472 428 suscepta
491 384 585 418 venia
610 384 710 418 redire
729 384 846 419 devote
870 385 910 419 ad
934 385 1065 420 dimisse
1084 386 1166 431 legis
1190 386 1363 421 observan-

165 442 254 483 tiam,
278 454 296 475 a
319 454 382 487 qua
406 442 555 477 cecideris
580 454 655 477 cum
678 455 836 488 peccares,
860 456 958 489 quam
984 445 1030 479 uti
1053 445 1184 480 licentia
1202 455 1276 490 post
1293 458 1365 491 pec-

163 510 282 535 catum.
327 499 384 534 sed
408 500 467 534 hec
487 501 686 535 omittamus.

230 558 316 593 Volo
339 559 471 604 quidem
494 559 582 604 quod
606 561 717 594 omnia
745 569 853 595 tecum
883 561 1044 607 decoquas
1069 571 1102 596 et
1129 574 1264 597 moneas
1291 563 1364 597 illos

162 627 247 660 tum,
271 627 307 652 ut
329 617 370 653 de
393 618 595 663 simplicitate
623 628 655 653 et
683 619 863 653 intentione
886 631 944 654 sua
975 619 1033 654 sibi
1064 632 1131 654 non
1160 620 1364 656 blandiantur

161 687 222 710 nec
246 675 377 710 credant
400 676 526 710 cenobii
549 677 628 711 novi
653 678 927 711 constructionem
950 677 1012 712 tale
1032 678 1158 712 bonum
1181 690 1250 713 esse
1274 680 1362 724 quod

161 744 292 769 excuset
314 734 366 769 vel
389 734 597 769 dissensionis
628 735 815 770 scandalum
839 736 889 769 vel
911 735 1114 770 discessionis
1137 747 1287 772 erratum.
1341 750 1362 772 o

159 802 282 838 quanto
306 793 420 827 melius
443 802 510 827 erat
534 793 572 827 ab
589 793 786 828 emulatione
802 793 977 836 discedere,
998 795 1156 839 corrigere
1173 797 1360 841 proximum

160 860 194 886 et
207 852 365 886 unitatem
384 863 451 886 non
467 852 655 897 relinquere,
671 851 728 886 sed
742 853 845 897 ipsam
862 853 959 887 etiam
975 853 1085 887 invitis
1104 853 1361 889 discordantibus

159 908 347 944 observare!
393 921 415 943 o
438 921 535 955 quam
558 909 694 944 delicata
714 911 917 945 conversatio
941 921 989 945 est
1011 923 1109 956 quam
1129 911 1248 946 dirimit
1264 914 1361 947 etiam

159 967 242 1002 iusta
260 968 445 1002 contentio!
492 969 645 1002 iniustam
669 968 801 1014 quidem
822 980 954 1004 movere
973 969 1166 1004 discordiam
1182 970 1360 1016 &agilitatis

159 1035 208 1061 est
226 1036 259 1061 et
281 1027 475 1072 pervicacie;
499 1036 625 1061 motam
647 1026 759 1061 fovere
786 1027 993 1062 diabolicum.
1041 1038 1076 1062 ut
1101 1028 1226 1063 bonum
1252 1029 1360 1071 facias,

159 1084 281 1120 malum
301 1084 432 1130 aliquod
453 1097 558 1130 agere,
578 1097 654 1120 cum
680 1086 815 1120 stultum
833 1095 929 1131 atque
947 1096 1115 1131 peccatum
1135 1097 1206 1121 tum
1227 1087 1359 1122 damna-

159 1142 221 1177 bile
244 1152 315 1177 tum
331 1143 510 1178 vitandum.
557 1143 609 1178 dic
628 1143 739 1184 michi,
759 1144 914 1189 Raphael,
934 1144 1041 1179 dicant
1059 1155 1092 1179 et
1111 1145 1161 1179 alii
1180 1146 1238 1180 tui.
1284 1158 1359 1180 cum

158 1212 176 1235 a
192 1202 291 1236 veteri
311 1201 449 1236 cenobio
474 1201 672 1244 discessistis,
693 1214 759 1236 non
780 1202 936 1236 videbatis
958 1203 990 1237 in
1007 1215 1106 1248 quam
1125 1203 1293 1238 infamiam
1311 1216 1359 1239 re-

158 1259 251 1294 lictos
275 1258 386 1294 fratres
409 1269 534 1294 vestros
556 1260 629 1294 illos
653 1271 708 1295 aut
731 1272 801 1302 vos,
826 1262 895 1295 imo
919 1272 1048 1306 prorsus
1067 1271 1230 1307 utrosque,
1254 1262 1287 1296 in
1311 1262 1358 1296 in-

157 1318 319 1352 tuentium
338 1318 440 1353 oculis
458 1318 652 1353 tradebatis?
699 1318 827 1353 creditis
851 1318 959 1354 forsan
978 1319 1066 1365 quod
1082 1331 1198 1354 omnes
1215 1330 1358 1355 vestrum

157 1375 294 1417 debeant
313 1376 442 1411 laudare
461 1376 650 1418 discessum,
663 1377 697 1411 in
710 1378 800 1412 cuius
816 1379 883 1422 spei
901 1376 980 1411 falso
1000 1378 1122 1412 lumine
1134 1368 1358 1423 proximorum

156 1443 336 1469 vestorum
354 1434 521 1469 infamiam
540 1446 609 1470 non
633 1436 788 1470 curastis?
844 1437 922 1478 imo,
942 1437 1017 1481 quia
1041 1437 1138 1471 nimis
1162 1436 1358 1472 desideratus

156 1492 250 1527 vobis
268 1502 335 1527 erat
353 1493 406 1528 ille
428 1493 598 1535 discessus,
622 1493 710 1528 nulla
735 1493 828 1528 vobis
852 1493 892 1528 de
917 1495 1156 1529 remanentibus
1186 1507 1262 1530 cura
1287 1496 1356 1531 fuit.

155 1550 254 1586 nichil
277 1552 385 1593 etiam,
407 1551 496 1596 quod
519 1563 579 1586 vos
602 1551 739 1593 deceret,
762 1562 794 1586 et
816 1564 857 1586 an
882 1551 1002 1586 famam
1025 1552 1173 1587 lederetis
1196 1554 1356 1598 propriam

156 1609 348 1656 providisti&
394 1619 470 1645 sunt
488 1611 555 1655 qui,
583 1610 671 1655 quod
697 1620 728 1644 et
755 1611 815 1656 ipsi
835 1609 991 1653 fatemini,
1016 1611 1123 1646 dicant
1142 1623 1202 1646 vos
1228 1621 1358 1657 propter

155 1667 350 1703 discordiam
366 1667 548 1703 discessisse
567 1677 743 1714 putantque
762 1680 822 1703 vos
841 1681 908 1703 non
927 1669 1071 1714 potuisse
1091 1669 1228 1704 aliorum
1247 1681 1356 1715 super-

155 1726 240 1760 biam
260 1726 405 1761 tolerare.
451 1738 563 1761 nonne
578 1727 692 1761 melius
709 1727 982 1762 cohabitationem
997 1740 1125 1773 semper
1145 1727 1262 1763 habere
1278 1740 1355 1763 con-

154 1785 338 1826 tentiosam,
353 1796 452 1830 quam
470 1785 532 1820 illis
550 1787 755 1820 occasionem
771 1786 842 1820 talis
861 1785 993 1820 infamie
1009 1786 1200 1831 prebuisse?
1247 1786 1355 1821 dicunt

154 1843 215 1878 hec
237 1852 270 1877 et
288 1843 348 1878 alia
373 1844 428 1889 qui
456 1843 496 1878 de
515 1844 665 1878 secularis
684 1845 750 1878 vite
776 1844 905 1879 licentia
926 1844 1092 1890 religionis
1116 1844 1355 1879 observantiam

155 1902 339 1936 metiuntur.
404 1901 461 1936 sed
484 1902 544 1936 alia
574 1902 699 1937 claustri
723 1912 756 1936 et
785 1903 950 1948 religionis
974 1913 1022 1938 est
1050 1903 1172 1948 regula,
1196 1903 1257 1937 alia
1280 1915 1355 1938 vere

154 1959 268 1994 mundi
292 1959 519 2006 diversumque
538 1959 638 1995 finem
656 1962 862 2006 sequentium
885 1972 933 1996 est
952 1961 1107 1996 doctrina.
1166 1961 1268 1995 multa
1286 1962 1355 2006 qui-

153 2017 227 2052 dem
245 2027 333 2052 extra
348 2018 523 2053 claustrum
542 2019 673 2053 vivendi
688 2019 816 2054 libertas
832 2019 1097 2064 consuetudoque
1113 2020 1278 2065 permittit,
1291 2031 1353 2064 que

152 2076 340 2122 religiosum
363 2076 441 2111 illud
460 2077 601 2122 penetral
625 2077 830 2112 abominatur
856 2087 888 2112 et
914 2078 1032 2112 horret.
1079 2078 1154 2112 licet
1179 2078 1267 2112 enim
1297 2078 1351 2111 ali-

152 2134 283 2180 quando
310 2134 386 2170 foris
416 2135 594 2178 dissentire,
622 2136 832 2171 contendere:
864 2137 949 2171 intus
977 2146 1086 2171 autem
1114 2137 1252 2171 omnino
1283 2147 1351 2171 non

207 2269 230 2294 3.
245 2262 283 2286 Μ’
297 2264 411 2287 eoadem
446 2265 515 2288 munh
530 2264 575 2296 nd]
589 2265 607 2288 A
623 2265 700 2295 utique

154 2303 487 2334 &mudum-ionis
541 2312 563 2335 9.
577 2306 596 2328 Α
610 2311 720 2335 qnantum

153 2344 297 2367 muno
337 2344 468 2375 Lat-cnr
481 2345 549 2368 etum
563 2346 643 2369 denno
656 2350 679 2369 et
744 2347 807 2375 17.A
818 2350 939 2382 utroq-que

154 2384 343 2414 quodedebennt
396 2391 435 2409 ao.
450 2386 516 2416 Dopo
529 2385 624 2410 desider.
638 2387 657 2409 A
671 2387 746 2416 ripere
760 2387 782 2408 in
796 2386 862 2409 cuiun
875 2386 923 2415 spei
938 2385 995 2409 fabo

755 2272 778 2295 5,
794 2266 835 2288 RA
849 2266 982 2294 dequoqun
1038 2264 1059 2288 ⁶.
1075 2263 1207 2288 M’G‘RA
1222 2264 1352 2288 inventione

777 2313 812 2329 ιο.
829 2304 904 2329 M²G¹
919 2308 1038 2329 annectam
1051 2305 1118 2328 aiam
1182 2312 1214 2328 ιι.
1228 2305 1354 2329 lucu-c

1009 2345 1084 2374 18-19.
1099 2345 1222 2368 ΚΑΙ-ΜΕ
1234 2347 1351 2368 mmm

1049 2386 1087 2409 28.
1102 2383 1164 2408 ΜΛ
1178 2391 1232 2408 vero

1418 333 1445 355 Di
1455 336 1489 367 qui
1499 342 1604 364 connegue

1393 361 1431 381 che
1445 368 1476 382 n·
1491 363 1525 389 piu
1535 363 1604 384 sicum

1391 394 1428 415 per
1439 389 1472 409 chi
1483 389 1510 410 ha
1545 395 1605 411 ccnto

1392 415 1483 436 dromu-
1497 416 1515 436 ι]
1527 416 1532 425 '
1543 417 1605 437 obbe-

1391 442 1463 462 dim·
1483 443 1509 463 do
1525 450 1538 463 ο
1556 451 1605 464 aver

1392 474 1490 490 onerante
1505 450 1524 490 il,
1532 471 1605 498 perdo-

1392 502 1429 520 ιιο,
1438 496 1476 516 che
1490 503 1603 524 permanes,

1391 522 1530 544 „their-udo
1538 531 1566 544 nn
1575 524 1606 545 ln-

1391 549 1457 574 dnho,
1467 550 1501 571 ul
1510 556 1604 578 pecc-to.

1418 576 1528 598 Consided
1539 583 1604 598 mun-

1391 609 1483 624 nmeute
1505 604 1605 626 Raffiaeuo

1391 635 1448 651 tuno
1465 631 1498 652 cio
1512 637 1524 652 e
1538 638 1606 660 vegg-

1390 657 1445 684 egli,
1472 664 1570 686 veggnno
1597 659 1604 679 i

1390 685 1511 732 {⁹:32ss
1521 686 1605 733 ‘⁰3¹³

1390 744 1460 759 nuovo
1496 745 1604 760 convento

1389 764 1420 785 dn
1447 765 1476 786 tal
1503 766 1555 787 bene
1579 766 1605 787 da

1405 792 1603 814 'adsentio-eno-

1423 825 1436 839 ο
1451 819 1505 840 dena
1523 820 1593 841 ducor*
1593 831 1602 836 -

1388 845 1421 866 di·
1431 852 1443 866 e
1451 846 1507 866 deu-
1521 852 1602 873 panm-

1389 879 1412 892 ιι
1436 872 1481 893 lom
1506 873 1556 894 dnn·
1566 880 1602 894 an-

1388 899 1432 920 tico
1447 899 1551 921 ebioni-o.

1410 1738 1460 1759 Non
1483 1745 1519 1760 ιη
1541 1739 1596 1761 fone

1383 1765 1460 1793 meglio
1471 1766 1566 1788 tollerare
1575 1767 1594 1788 le

1383 1793 1479 1813 inmune
1512 1798 1596 1814 comme

1409 1914 1457 1935 Non
1471 1915 1488 1935 d
1509 1915 1550 1942 μιὸ
1565 1916 1594 1936 vi-

1382 1948 1429 1962 m
1449 1941 1481 1962 nel
1503 1942 1594 1963 ‘bromo'

1383 1975 1443 1989 con·
1461 1970 1478 1989 εἰ
1498 1970 1544 1990 viv·
1558 1969 1592 1990 ml

1381 1995 1459 2018 κωΙο.

1408 2075 1451 2100 Qui
1461 2077 1472 2096 ὲ
1481 2075 1543 2097 lecito
1552 2076 1593 2097 db-

1380 2103 1446 2124 auur
1459 2109 1472 2123 ι
1485 2103 1543 2124 volu
1557 2103 1592 2124 dn-

1380 2129 1408 2157 'u
1423 2129 1479 2154 nitri,
1500 2129 1590 2158 litim,

1381 2157 1515 2182 contendere.
